2866 4626
549 237 884 300 -147—

180 424 261 474 recte
284 413 309 472 H
325 412 522 474 Brundusium
543 415 655 493 referre
677 418 735 475 sicu
758 426 792 476 te.
809 449 849 456 —
866 415 904 475 111
922 416 970 487 15,
988 414 1007 473 t
1023 432 1138 493 meoque
1154 413 1249 493 officio

180 528 207 578 ct
230 518 359 579 custodio
382 527 407 577 et
428 517 524 578 studio
546 516 585 591 N3
610 528 688 578 recte
707 517 730 576 H
754 518 849 597 officio
877 528 903 579 et
924 518 1027 579 studio.
1057 551 1097 558 —
1127 516 1137 576 Ι
1159 515 1208 590 13,
1229 515 1247 576 3

180 621 231 682 sed
253 639 363 694 vereor,
385 639 420 681 ue
441 620 502 692 deoc,
531 622 605 700 quod
625 623 764 700 desectum
786 632 836 694 est,
859 631 953 700 serpet
976 621 1066 681 locius
1082 620 1191 699 loupius
1206 618 1248 693 N;

180 732 261 784 recte
273 723 299 783 11
310 733 405 802 serpat
417 722 535 802 loupiac.
557 759 569 763 --
604 723 613 782 1
628 724 676 796 17,
689 724 708 785 9
725 725 758 785 de
770 726 905 786 ordinum
918 725 1050 803 diprcitotc
1062 734 1088 784 et
1099 723 1250 784 concordio

181 829 257 888 dicte
284 838 350 887 sacret
373 825 413 886 dcl’
428 825 578 906 septemb'r
593 824 631 886 od’
649 825 788 887 decemb'r
803 838 830 888 et
839 827 977 906 postridie
991 825 1017 886 N
1024 848 1031 901 3
1056 825 1080 884 H
1096 828 1170 888 dicto
1185 836 1251 886 sceret

181 929 228 990 id’
251 928 389 991 decemd'r
411 939 437 989 et
448 931 595 1009 postridie.
614 964 652 971 -
675 928 699 988 11
719 930 745 1002 1,
762 927 780 989 3
797 934 847 1010 qui
856 929 1006 1010 philippici
1022 930 1195 991 ordinentur
1211 927 1249 989 et’

181 1037 372 1094 uerrer‘uoutur
405 1036 545 1093 enituerat
578 1031 618 1104 N3
651 1040 729 1093 recte
758 1032 782 1092 H
809 1037 1006 1095 nominentur.
1037 1067 1077 1076 -
1108 1033 1145 1094 111
1162 1031 1247 1106 aaut

181 1146 280 1196 tuerere
301 1136 452 1215 sperabam
475 1136 627 1216 ede'quoudo
644 1134 753 1214 aliquid
775 1133 858 1214 (sici)
880 1137 980 1215 secisse
995 1155 1044 1198 seu
1058 1137 1159 1197 vidisse
1175 1154 1249 1216 pru-

183 1240 301 1300 dentius
323 1236 363 1311 N3
396 1248 475 1300 recte
498 1239 523 1298 H
552 1239 660 1320 odc'quid
686 1238 843 1318 clipuoudo
874 1241 976 1302 uidisse
999 1239 1181 1319 prudentius.
1209 1274 1251 1283 —

181 1341 300 1402 Nhaud
315 1341 415 1420 paucis
439 1341 510 1402 locis
532 1342 715 1403 coniecturas
739 1342 834 1414 habet,
859 1342 884 1402 H
907 1361 974 1402 vero
992 1343 1085 1404 multo
1101 1342 1250 1423 pluribus;
1304 1406 1308 1412 ,

183 1444 324 1523 itaqueN
346 1443 439 1524 pluris
462 1445 586 1505 iacimus
602 1464 689 1524 quum
709 1446 749 1519 H;
772 1445 897 1506 eundem
915 1445 1043 1507 codicem
1062 1444 1251 1525 Hpraeterea

182 1568 218 1608 ex
240 1553 270 1608 A
285 1546 369 1606 :M
387 1546 457 1628 †s
478 1548 617 1610 lectiones
645 1547 791 1627 accepisse
821 1548 896 1610 inira
926 1570 954 1629 p.
975 1548 1034 1610 162
1057 1567 1250 1628 exponemus.

269 1651 305 1712 Et
326 1650 350 1710 Ε
372 1660 402 1711 et
424 1651 447 1710 H
471 1651 572 1712 multis
595 1651 665 1711 locis
689 1651 768 1711 iiiare
791 1670 880 1731 supra
902 1672 931 1732 p.
948 1651 988 1714 23
1012 1661 1041 1713 et
1063 1671 1091 1732 p.
1109 1651 1149 1712 30
1173 1652 1250 1713 dixi-

183 1773 266 1824 mus3
289 1753 375 1814 iidem
400 1754 514 1815 codices
538 1772 596 1815 non
621 1773 782 1832 numquam
808 1754 847 1816 ita
870 1754 961 1829 hiant,
986 1766 1018 1816 ut
1041 1757 1142 1817 eadem
1164 1756 1251 1817 verba

183 1859 287 1919 eodem
312 1859 400 1919 modo
423 1858 574 1918 omittant:
604 1858 682 1936 quod
708 1867 807 1918 utrum
831 1876 900 1918 casu
924 1861 1035 1919 sactum
1058 1858 1156 1920 sitan
1179 1879 1251 1921 con-

183 1963 261 2036 silio,
285 1980 345 2022 non
367 1960 450 2022 facile
473 1971 518 2022 est
540 1962 574 2021 ad
599 1961 828 2022 diiudicandum.
864 1962 937 2023 Cum
963 1982 1030 2023 vero
1053 1973 1082 2023 et
1105 1963 1127 2023 E
1151 1964 1252 2025 multis

183 2066 256 2127 locis
274 2066 334 2125 hiet
349 2064 497 2144 quibusH
520 2064 632 2142 integer
655 2076 700 2125 est
723 2076 752 2125 et
773 2065 797 2124 11
820 2064 936 2144 saepius
959 2084 991 2125 ea
1015 2066 1109 2145 capita
1136 2066 1252 2128 omittat

181 2189 256 2248 quae
284 2168 307 2227 E
340 2168 439 2241 hahet,
474 2186 601 2246 cumque
634 2167 654 2226 ii
688 2167 739 2246 qui
773 2187 822 2227 eos
857 2167 971 2229 codices
1001 2171 1185 2248 scripserunt
1210 2169 1250 2230 ita

180 2272 321 2352 epistulas
355 2270 561 2351 excerpserint,
598 2281 630 2331 ut
659 2270 846 2350 amputandis
879 2270 948 2332 totis
977 2270 1122 2350 capitibus
1154 2281 1249 2332 tamen

180 2376 327 2456 quandam
350 2373 575 2454 perpetuitatem
600 2374 740 2434 orationis
764 2384 925 2447 servarent,
950 2393 1020 2435 casu
1044 2394 1103 2435 nou
1129 2373 1251 2435 oonsilio

181 2482 292 2541 iactum
317 2497 381 2539 esse
404 2476 568 2556 opinamur,
594 2486 626 2537 ut
650 2476 694 2536 iris
717 2477 788 2537 locis
811 2475 834 2535 E
857 2495 924 2537 cum
950 2477 974 2536 H
998 2479 1176 2539 consentiat:

267 2582 309 2642 Ex
331 2580 426 2642 11123
457 2580 545 2641 habet
568 2579 592 2639 H
625 2589 714 2640 totam
738 2580 800 2653 §L
829 2579 945 2653 §2-4
975 2581 1030 2641 hoc
1059 2580 1146 2640 modo
1176 2580 1249 2641 hiat:

181 2691 198 2761 §
215 2687 233 2745 2
256 2687 331 2747 Nom
353 2704 387 2745 eo
409 2695 536 2745 ueterum
557 2683 749 2759 [trr'bouorum
767 2683 809 2764 pl.
829 2688 938 2763 ropetio
963 2729 1067 2744 .....
1091 2687 1108 2758 ἓ
1125 2686 1144 2744 4
1167 2685 1249 2744 ruodo

183 2807 227 2849 res
251 2788 426 2868 conficiatur,
450 2804 498 2847 ero
521 2787 674 2863 contentus]
689 2789 745 2846 iem
769 2786 878 2847 dudum
896 2789 996 2867 pudet:
1020 2786 1043 2847 E
1066 2791 1083 2861 ξ
1102 2788 1117 2846 1
1140 2787 1173 2847 de
1193 2797 1250 2847 toto

182 2892 298 2970 Pompei
323 2895 432 2952 rotioue
460 2888 609 2969 perscribis
635 2889 674 2966 [iu
696 2889 790 2950 attere
811 2891 933 2969 epistole
958 2936 1062 2950 .....
1092 2890 1144 2964 §2
1175 2900 1201 2950 et
1231 2909 1249 2950 o

628 2989 699 2996 ..——

181 3038 234 3099 quo
257 3022 292 3080 sit
309 3018 492 3087 inculcatum,
514 3016 587 3093 uide]
611 2997 632 3094 (1
664 3016 723 3077 Scis
742 3023 818 3079 euim
836 3016 990 3078 Clodium.
1009 3063 1015 3076 .
1033 3063 1039 3076 .
1056 3018 1131 3079 iilud
1153 3021 1247 3098 ipsum

182 3123 339 3202 obropotur
354 3132 378 3182 et
394 3119 425 3182 c’.
442 3116 542 3201 [quo*)
558 3119 639 3181 modo
655 3138 717 3180 eom
732 3121 870 3199 cbropori
883 3131 1029 3198 oporteat.
1044 3165 1050 3180 .
1065 3166 1091 3181 ..
1109 3167 1115 3180 .
1132 3124 1150 3195 §
1163 3120 1181 3182 3
1198 3123 1249 3183 deoc
1342 3206 1344 3213 J

182 3227 255 3304 quod
277 3243 309 3285 re
331 3242 399 3284 oero
423 3268 527 3282 .....
555 3224 607 3296 §4
635 3223 721 3283 ruodo
743 3240 788 3283 res
810 3224 985 3303 conficietur,
1016 3243 1064 3286 ero
1093 3226 1249 3302 contentus]

183 3334 201 3429 (i
233 3351 297 3413 iem
320 3351 428 3412 dicdum
452 3371 523 3420 ...;
557 3348 591 3422 N,
608 3350 643 3422 Ο,
662 3352 682 3410 t>
705 3351 809 3428 integri
834 3361 912 3412 sunt.
936 3386 978 3394 -
1007 3352 1041 3411 Vl
1061 3351 1187 3425 1,1-2
1211 3357 1250 3413 sic

182 3459 255 3515 cuim
273 3455 403 3534 postules
424 3455 484 3530 [uec
508 3453 702 3534 οἰκονομίαν
725 3474 817 3515 eneam
840 3500 944 3514 .....
973 3454 1025 3529 §2
1056 3475 1088 3516 oc
1114 3466 1250 3534 putorem

181 3559 266 3636 poulo
294 3558 382 3633 secus]
408 3558 514 3637 Appius
535 3558 630 3634 [enim]
653 3559 691 3618 cd
713 3577 756 3618 oue
781 3558 818 3617 H:
849 3562 888 3619 sic
911 3563 986 3619 euim
1008 3558 1143 3636 postules.
1167 3569 1193 3619 et
1216 3556 1249 3617 c’.

185 3662 239 3736 [uec
268 3661 461 3740 οἰκονομίαν
490 3679 583 3721 nocam
607 3706 711 3720 .....
741 3661 805 3738 §2]
826 3661 932 3740 Appius
961 3663 1053 3738 [euim]
1082 3662 1119 3722 od
1146 3678 1189 3720 me
1212 3659 1249 3733 E;

186 3769 254 3825 euim
277 3765 356 3842 quod
382 3773 504 3843 uterque
527 3764 617 3824 codex
640 3765 758 3837 omittit,
791 3764 897 3824 micum
923 3773 1009 3835 esset,
1033 3763 1090 3823 nisi
1113 3767 1152 3824 sic
1175 3767 1249 3823 euim

184 3867 306 3940 postules
327 3868 526 3938 antecederet3
550 3887 630 3927 nunc
654 3887 720 3927 vero
744 3869 773 3926 in
795 3867 840 3927 his
857 3867 952 3928 verbis
969 3872 1008 3928 sic
1023 3869 1098 3927 enim
1109 3866 1246 3944 postules.

187 3984 223 3994 s-

248 4053 272 4115 *)
291 4070 338 4119 pue
356 4070 406 4104 reon
423 4071 479 4104 cern
499 4057 538 4104 ed.
554 4054 719 4116 Wesenberg.

1038 4138 1088 4192 10*
