<?xml version="1.0" encoding="UTF-8"?>
<!DOCTYPE html PUBLIC "-//W3C//DTD XHTML 1.0 Transitional//EN"
    "http://www.w3.org/TR/xhtml1/DTD/xhtml1-transitional.dtd">
<html xmlns="http://www.w3.org/1999/xhtml" xml:lang="en" lang="en">
 <head>
  <title>
</title>
<meta http-equiv="Content-Type" content="text/html;charset=utf-8" />
  <meta name='ocr-system' content='tesseract 3.04.00' />
  <meta name='ocr-capabilities' content='ocr_page ocr_carea ocr_par ocr_line ocrx_word'/>
</head>
<body>
  <div class='ocr_page' id='page_1' title='image "./deciceronisadat00lehmgoog_0201.png"; bbox 0 0 2866 4626; ppageno 0'>
   <div class='ocr_carea' id='block_1_1' title="bbox 546 273 881 338">
    <p class='ocr_par' dir='ltr' id='par_1_1' title="bbox 546 273 881 338">
     <span class='ocr_line' id='line_1_1' title="bbox 546 273 881 338; baseline 0.006 -2"><span class='ocrx_word' id='word_1_1' title='bbox 546 273 881 338; x_wconf 44' lang='lat'>*188*-</span> 
     </span>
    </p>
   </div>
   <div class='ocr_carea' id='block_1_2' title="bbox 178 451 1253 3638">
    <p class='ocr_par' dir='ltr' id='par_1_2' title="bbox 178 451 1252 946">
     <span class='ocr_line' id='line_1_2' title="bbox 178 451 1252 533; baseline 0.002 -21"><span class='ocrx_word' id='word_1_2' title='bbox 178 451 292 514; x_wconf 85' lang='lat' dir='ltr'>EORP</span> <span class='ocrx_word' id='word_1_3' title='bbox 316 461 403 513; x_wconf 91' lang='lat' dir='ltr'>etex</span> <span class='ocrx_word' id='word_1_4' title='bbox 431 452 529 532; x_wconf 85' lang='lat' dir='ltr'>aliquo</span> <span class='ocrx_word' id='word_1_5' title='bbox 562 452 660 514; x_wconf 89' lang='lat' dir='ltr'>codice</span> <span class='ocrx_word' id='word_1_6' title='bbox 689 452 719 513; x_wconf 92' lang='lat' dir='ltr'>in</span> <span class='ocrx_word' id='word_1_7' title='bbox 744 453 772 514; x_wconf 99' lang='lat' dir='ltr'><strong>M</strong></span> <span class='ocrx_word' id='word_1_8' title='bbox 794 452 1007 533; x_wconf 78' lang='lat' dir='ltr'>reciperentur.</span> <span class='ocrx_word' id='word_1_9' title='bbox 1052 452 1154 532; x_wconf 82' lang='lat' dir='ltr'>ltaque</span> <span class='ocrx_word' id='word_1_10' title='bbox 1178 453 1252 514; x_wconf 85' lang='lat' dir='ltr'>haec</span> 
     </span>
     <span class='ocr_line' id='line_1_3' title="bbox 178 555 1251 638; baseline 0.001 -21"><span class='ocrx_word' id='word_1_11' title='bbox 178 555 276 617; x_wconf 91' lang='lat' dir='ltr'>omnia</span> <span class='ocrx_word' id='word_1_12' title='bbox 303 556 468 617; x_wconf 90' lang='lat' dir='ltr'>nescimus:</span> <span class='ocrx_word' id='word_1_13' title='bbox 505 555 607 636; x_wconf 89' lang='lat' dir='ltr'>quis*)</span> <span class='ocrx_word' id='word_1_14' title='bbox 633 557 696 617; x_wconf 90' lang='lat' dir='ltr'>illas</span> <span class='ocrx_word' id='word_1_15' title='bbox 730 557 913 620; x_wconf 90' lang='lat' dir='ltr'>coniecturas</span> <span class='ocrx_word' id='word_1_16' title='bbox 941 556 1164 636; x_wconf 83' lang='lat' dir='ltr'>excogitaverit,</span> <span class='ocrx_word' id='word_1_17' title='bbox 1199 557 1251 638; x_wconf 92' lang='lat' dir='ltr'>qui</span> 
     </span>
     <span class='ocr_line' id='line_1_4' title="bbox 178 659 1250 741; baseline 0.003 -22"><span class='ocrx_word' id='word_1_18' title='bbox 178 659 269 720; x_wconf 86' lang='lat' dir='ltr'>codex</span> <span class='ocrx_word' id='word_1_19' title='bbox 292 678 340 720; x_wconf 89' lang='lat' dir='ltr'>eas</span> <span class='ocrx_word' id='word_1_20' title='bbox 364 660 478 739; x_wconf 87' lang='lat' dir='ltr'>primus</span> <span class='ocrx_word' id='word_1_21' title='bbox 506 660 656 734; x_wconf 87' lang='lat' dir='ltr'>habuerit,</span> <span class='ocrx_word' id='word_1_22' title='bbox 685 679 720 720; x_wconf 92' lang='lat' dir='ltr'>ex</span> <span class='ocrx_word' id='word_1_23' title='bbox 743 679 802 739; x_wconf 91' lang='lat' dir='ltr'>quo</span> <span class='ocrx_word' id='word_1_24' title='bbox 825 661 924 723; x_wconf 87' lang='lat' dir='ltr'>codice</span> <span class='ocrx_word' id='word_1_25' title='bbox 952 661 982 721; x_wconf 91' lang='lat' dir='ltr'>iu</span> <span class='ocrx_word' id='word_1_26' title='bbox 1007 661 1035 722; x_wconf 88' lang='lat' dir='ltr'><strong>M</strong></span> <span class='ocrx_word' id='word_1_27' title='bbox 1057 661 1250 741; x_wconf 88' lang='lat' dir='ltr'>irrepseriut;</span> 
     </span>
     <span class='ocr_line' id='line_1_5' title="bbox 178 761 1250 842; baseline -0.002 -20"><span class='ocrx_word' id='word_1_28' title='bbox 178 761 234 822; x_wconf 90' lang='lat' dir='ltr'>hoo</span> <span class='ocrx_word' id='word_1_29' title='bbox 257 780 311 822; x_wconf 87' lang='lat' dir='ltr'>nos</span> <span class='ocrx_word' id='word_1_30' title='bbox 334 771 363 823; x_wconf 90' lang='lat' dir='ltr'>et</span> <span class='ocrx_word' id='word_1_31' title='bbox 386 762 511 824; x_wconf 85' lang='lat' dir='ltr'>dicimus</span> <span class='ocrx_word' id='word_1_32' title='bbox 534 772 564 824; x_wconf 91' lang='lat' dir='ltr'>et</span> <span class='ocrx_word' id='word_1_33' title='bbox 585 763 801 838; x_wconf 85' lang='lat' dir='ltr'>contendimus,</span> <span class='ocrx_word' id='word_1_34' title='bbox 836 781 940 824; x_wconf 92' lang='lat' dir='ltr'>omnes</span> <span class='ocrx_word' id='word_1_35' title='bbox 973 781 1021 824; x_wconf 91' lang='lat' dir='ltr'>eas</span> <span class='ocrx_word' id='word_1_36' title='bbox 1050 780 1124 842; x_wconf 88' lang='lat' dir='ltr'>quas</span> <span class='ocrx_word' id='word_1_37' title='bbox 1147 762 1250 824; x_wconf 83' lang='grc' dir='ltr'>311311-Ι</span> 
     </span>
     <span class='ocr_line' id='line_1_6' title="bbox 179 864 851 946; baseline 0.003 -20"><span class='ocrx_word' id='word_1_38' title='bbox 179 884 246 926; x_wconf 89' lang='lat' dir='ltr'>mus</span> <span class='ocrx_word' id='word_1_39' title='bbox 268 864 409 927; x_wconf 88' lang='lat' dir='ltr'>lectiones</span> <span class='ocrx_word' id='word_1_40' title='bbox 432 867 601 928; x_wconf 86' lang='lat' dir='ltr'>coniectura</span> <span class='ocrx_word' id='word_1_41' title='bbox 624 885 688 927; x_wconf 88' lang='lat' dir='ltr'>esse</span> <span class='ocrx_word' id='word_1_42' title='bbox 711 875 851 946; x_wconf 86' lang='lat' dir='ltr'>repertas.</span> 
     </span>
    </p>

    <p class='ocr_par' dir='ltr' id='par_1_3' title="bbox 178 967 1253 1756">
     <span class='ocr_line' id='line_1_7' title="bbox 264 967 1248 1049; baseline 0.002 -21"><span class='ocrx_word' id='word_1_43' title='bbox 264 967 391 1030; x_wconf 77' lang='lat' dir='ltr'>Alteram</span> <span class='ocrx_word' id='word_1_44' title='bbox 416 970 542 1049; x_wconf 88' lang='lat' dir='ltr'>deniqne</span> <span class='ocrx_word' id='word_1_45' title='bbox 565 969 710 1031; x_wconf 91' lang='lat' dir='ltr'>rationem</span> <span class='ocrx_word' id='word_1_46' title='bbox 727 971 762 1031; x_wconf 92' lang='lat' dir='ltr'>de</span> <span class='ocrx_word' id='word_1_47' title='bbox 778 969 955 1032; x_wconf 85' lang='lat' dir='ltr'>lectionibus</span> <span class='ocrx_word' id='word_1_48' title='bbox 971 968 1012 1030; x_wconf 59' lang='grc' dir='ltr'>111ῃ</span> <span class='ocrx_word' id='word_1_49' title='bbox 1029 967 1248 1031; x_wconf 80' lang='lat' dir='ltr'>constituendis</span> 
     </span>
     <span class='ocr_line' id='line_1_8' title="bbox 178 1071 1250 1153; baseline -0.001 -19"><span class='ocrx_word' id='word_1_50' title='bbox 178 1072 354 1134; x_wconf 85' lang='lat' dir='ltr'>adferimus:</span> <span class='ocrx_word' id='word_1_51' title='bbox 383 1093 451 1134; x_wconf 91' lang='lat' dir='ltr'>nam</span> <span class='ocrx_word' id='word_1_52' title='bbox 476 1084 505 1135; x_wconf 90' lang='lat' dir='ltr'>et</span> <span class='ocrx_word' id='word_1_53' title='bbox 526 1073 553 1134; x_wconf 89' lang='lat' dir='ltr'>X</span> <span class='ocrx_word' id='word_1_54' title='bbox 576 1074 617 1134; x_wconf 79' lang='grc'>93</span> <span class='ocrx_word' id='word_1_55' title='bbox 639 1084 670 1136; x_wconf 89' lang='grc'>31</span> <span class='ocrx_word' id='word_1_56' title='bbox 691 1074 754 1134; x_wconf 83' lang='lat' dir='ltr'>xlv</span> <span class='ocrx_word' id='word_1_57' title='bbox 781 1076 837 1135; x_wconf 85' lang='lat' dir='ltr'>17a</span> <span class='ocrx_word' id='word_1_58' title='bbox 860 1092 920 1134; x_wconf 93' lang='lat' dir='ltr'>non</span> <span class='ocrx_word' id='word_1_59' title='bbox 944 1073 1032 1134; x_wconf 92' lang='lat' dir='ltr'>modo</span> <span class='ocrx_word' id='word_1_60' title='bbox 1058 1073 1090 1133; x_wconf 93' lang='lat' dir='ltr'>in</span> <span class='ocrx_word' id='word_1_61' title='bbox 1113 1071 1250 1153; x_wconf 87' lang='lat' dir='ltr'>epistulis</span> 
     </span>
     <span class='ocr_line' id='line_1_9' title="bbox 178 1175 1249 1258; baseline -0.003 -20"><span class='ocrx_word' id='word_1_62' title='bbox 178 1177 214 1238; x_wconf 93' lang='lat' dir='ltr'>ad</span> <span class='ocrx_word' id='word_1_63' title='bbox 230 1177 369 1251; x_wconf 77' lang='lat' dir='ltr'>Atticum,</span> <span class='ocrx_word' id='word_1_64' title='bbox 393 1177 554 1239; x_wconf 90' lang='lat' dir='ltr'>sedetiam</span> <span class='ocrx_word' id='word_1_65' title='bbox 579 1176 608 1238; x_wconf 93' lang='lat' dir='ltr'>iu</span> <span class='ocrx_word' id='word_1_66' title='bbox 632 1176 766 1258; x_wconf 88' lang='lat' dir='ltr'>epistulis</span> <span class='ocrx_word' id='word_1_67' title='bbox 789 1178 824 1239; x_wconf 92' lang='lat' dir='ltr'>ad</span> <span class='ocrx_word' id='word_1_68' title='bbox 848 1176 1005 1239; x_wconf 83' lang='lat' dir='ltr'>familiares</span> <span class='ocrx_word' id='word_1_69' title='bbox 1030 1185 1108 1238; x_wconf 91' lang='lat' dir='ltr'>sunt.</span> <span class='ocrx_word' id='word_1_70' title='bbox 1147 1175 1249 1237; x_wconf 90' lang='lat' dir='ltr'>lamis</span> 
     </span>
     <span class='ocr_line' id='line_1_10' title="bbox 178 1279 1250 1361; baseline -0.002 -20"><span class='ocrx_word' id='word_1_71' title='bbox 178 1281 279 1355; x_wconf 87' lang='lat' dir='ltr'>codex,</span> <span class='ocrx_word' id='word_1_72' title='bbox 302 1280 354 1360; x_wconf 89' lang='lat' dir='ltr'>qui</span> <span class='ocrx_word' id='word_1_73' title='bbox 376 1300 425 1342; x_wconf 87' lang='lat' dir='ltr'>eas</span> <span class='ocrx_word' id='word_1_74' title='bbox 442 1280 580 1361; x_wconf 88' lang='lat' dir='ltr'>epistulas</span> <span class='ocrx_word' id='word_1_75' title='bbox 596 1280 694 1355; x_wconf 90' lang='lat' dir='ltr'>habet,</span> <span class='ocrx_word' id='word_1_76' title='bbox 716 1281 765 1342; x_wconf 84' lang='lat' dir='ltr'>IX.</span> <span class='ocrx_word' id='word_1_77' title='bbox 789 1281 834 1342; x_wconf 89' lang='lat' dir='ltr'>vel</span> <span class='ocrx_word' id='word_1_78' title='bbox 848 1280 884 1341; x_wconf 84' lang='lat' dir='ltr'>X.</span> <span class='ocrx_word' id='word_1_79' title='bbox 905 1281 1021 1342; x_wconf 89' lang='lat' dir='ltr'>saeculo</span> <span class='ocrx_word' id='word_1_80' title='bbox 1037 1279 1170 1359; x_wconf 90' lang='lat' dir='ltr'>scriptus</span> <span class='ocrx_word' id='word_1_81' title='bbox 1186 1296 1250 1340; x_wconf 87' lang='lat' dir='ltr'>esse</span> 
     </span>
     <span class='ocr_line' id='line_1_11' title="bbox 178 1381 1250 1465; baseline -0.004 -19"><span class='ocrx_word' id='word_1_82' title='bbox 178 1392 308 1464; x_wconf 91' lang='lat' dir='ltr'>putatur,</span> <span class='ocrx_word' id='word_1_83' title='bbox 332 1393 433 1446; x_wconf 88' lang='lat' dir='ltr'>contra</span> <span class='ocrx_word' id='word_1_84' title='bbox 448 1383 492 1446; x_wconf 91' lang='lat' dir='ltr'>M¹</span> <span class='ocrx_word' id='word_1_85' title='bbox 517 1404 542 1445; x_wconf 92' lang='lat' dir='ltr'>a.</span> <span class='ocrx_word' id='word_1_86' title='bbox 565 1385 627 1446; x_wconf 88' lang='lat' dir='ltr'>fere</span> <span class='ocrx_word' id='word_1_87' title='bbox 644 1384 726 1447; x_wconf 82' lang='lat'>1392</span> <span class='ocrx_word' id='word_1_88' title='bbox 750 1384 893 1465; x_wconf 85' lang='lat' dir='ltr'>scriptum</span> <span class='ocrx_word' id='word_1_89' title='bbox 910 1403 976 1445; x_wconf 90' lang='lat' dir='ltr'>esse</span> <span class='ocrx_word' id='word_1_90' title='bbox 998 1391 1125 1445; x_wconf 88' lang='lat' dir='ltr'>constat.</span> <span class='ocrx_word' id='word_1_91' title='bbox 1164 1381 1250 1454; x_wconf 85' lang='lat' dir='ltr'>Quod</span> 
     </span>
     <span class='ocr_line' id='line_1_12' title="bbox 179 1485 1250 1569; baseline -0.001 -23"><span class='ocrx_word' id='word_1_92' title='bbox 179 1487 204 1547; x_wconf 88' lang='lat' dir='ltr'>si</span> <span class='ocrx_word' id='word_1_93' title='bbox 220 1490 250 1549; x_wconf 86' lang='grc' dir='ltr'><em>Σ</em></span> <span class='ocrx_word' id='word_1_94' title='bbox 262 1487 333 1549; x_wconf 89' lang='grc' dir='ltr'>31Μ</span> <span class='ocrx_word' id='word_1_95' title='bbox 356 1507 423 1549; x_wconf 90' lang='lat' dir='ltr'>cum</span> <span class='ocrx_word' id='word_1_96' title='bbox 447 1488 504 1549; x_wconf 90' lang='lat' dir='ltr'>isto</span> <span class='ocrx_word' id='word_1_97' title='bbox 527 1497 643 1551; x_wconf 91' lang='lat' dir='ltr'>vetusto</span> <span class='ocrx_word' id='word_1_98' title='bbox 665 1489 764 1550; x_wconf 87' lang='lat' dir='ltr'>codice</span> <span class='ocrx_word' id='word_1_99' title='bbox 787 1497 1006 1569; x_wconf 83' lang='lat' dir='ltr'>comparantur,</span> <span class='ocrx_word' id='word_1_100' title='bbox 1034 1486 1137 1548; x_wconf 90' lang='lat' dir='ltr'>eodem</span> <span class='ocrx_word' id='word_1_101' title='bbox 1163 1485 1250 1546; x_wconf 91' lang='lat' dir='ltr'>modo</span> 
     </span>
     <span class='ocr_line' id='line_1_13' title="bbox 179 1589 1253 1671; baseline -0.002 -21"><span class='ocrx_word' id='word_1_102' title='bbox 179 1599 299 1670; x_wconf 90' lang='lat' dir='ltr'>apparet</span> <span class='ocrx_word' id='word_1_103' title='bbox 332 1600 362 1652; x_wconf 88' lang='lat' dir='ltr'>et</span> <span class='ocrx_word' id='word_1_104' title='bbox 394 1610 468 1670; x_wconf 89' lang='lat' dir='ltr'>quae</span> <span class='ocrx_word' id='word_1_105' title='bbox 496 1592 635 1653; x_wconf 91' lang='lat' dir='ltr'>lectiones</span> <span class='ocrx_word' id='word_1_106' title='bbox 663 1592 711 1652; x_wconf 80' lang='lat' dir='ltr'>M&#39;</span> <span class='ocrx_word' id='word_1_107' title='bbox 740 1602 769 1653; x_wconf 89' lang='lat' dir='ltr'>et</span> <span class='ocrx_word' id='word_1_108' title='bbox 797 1611 872 1671; x_wconf 91' lang='lat' dir='ltr'>quae</span> <span class='ocrx_word' id='word_1_109' title='bbox 898 1591 1038 1654; x_wconf 87' lang='lat' dir='ltr'>lectiones</span> <span class='ocrx_word' id='word_1_110' title='bbox 1065 1589 1202 1651; x_wconf 87' lang='lat' dir='ltr'>codicum</span> <span class='ocrx_word' id='word_1_111' title='bbox 1224 1590 1253 1648; x_wconf 86' lang='grc' dir='ltr'><em>Σ</em></span> 
     </span>
     <span class='ocr_line' id='line_1_14' title="bbox 180 1694 599 1756; baseline 0.002 -2"><span class='ocrx_word' id='word_1_112' title='bbox 180 1694 348 1756; x_wconf 91' lang='lat' dir='ltr'>coniectura</span> <span class='ocrx_word' id='word_1_113' title='bbox 370 1694 506 1756; x_wconf 91' lang='lat' dir='ltr'>inventae</span> <span class='ocrx_word' id='word_1_114' title='bbox 530 1695 599 1756; x_wconf 90' lang='lat' dir='ltr'>sint.</span> 
     </span>
    </p>

    <p class='ocr_par' dir='ltr' id='par_1_4' title="bbox 180 1797 1249 2188">
     <span class='ocr_line' id='line_1_15' title="bbox 267 1797 1249 1876; baseline -0.002 -18"><span class='ocrx_word' id='word_1_115' title='bbox 267 1798 323 1859; x_wconf 90' lang='lat' dir='ltr'>Sed</span> <span class='ocrx_word' id='word_1_116' title='bbox 346 1808 376 1858; x_wconf 92' lang='lat' dir='ltr'>et</span> <span class='ocrx_word' id='word_1_117' title='bbox 398 1799 473 1859; x_wconf 90' lang='lat' dir='ltr'>hauc</span> <span class='ocrx_word' id='word_1_118' title='bbox 495 1817 557 1860; x_wconf 91' lang='lat' dir='ltr'>rem</span> <span class='ocrx_word' id='word_1_119' title='bbox 581 1808 611 1860; x_wconf 87' lang='lat' dir='ltr'>ot</span> <span class='ocrx_word' id='word_1_120' title='bbox 633 1817 692 1860; x_wconf 91' lang='lat' dir='ltr'>uon</span> <span class='ocrx_word' id='word_1_121' title='bbox 720 1798 799 1859; x_wconf 90' lang='grc'>33113</span> <span class='ocrx_word' id='word_1_122' title='bbox 819 1797 873 1859; x_wconf 83' lang='grc'>3113</span> <span class='ocrx_word' id='word_1_123' title='bbox 896 1797 952 1859; x_wconf 84' lang='grc'>3113</span> <span class='ocrx_word' id='word_1_124' title='bbox 973 1797 1036 1858; x_wconf 88' lang='grc'>1333</span> <span class='ocrx_word' id='word_1_125' title='bbox 1053 1813 1249 1876; x_wconf 86' lang='lat' dir='ltr'>exponemus:</span> 
     </span>
     <span class='ocr_line' id='line_1_16' title="bbox 181 1899 1249 1981; baseline -0.002 -20"><span class='ocrx_word' id='word_1_126' title='bbox 181 1902 236 1962; x_wconf 90' lang='lat' dir='ltr'>hoc</span> <span class='ocrx_word' id='word_1_127' title='bbox 265 1921 299 1962; x_wconf 91' lang='lat' dir='ltr'>ex</span> <span class='ocrx_word' id='word_1_128' title='bbox 330 1901 365 1962; x_wconf 89' lang='lat' dir='ltr'>iis</span> <span class='ocrx_word' id='word_1_129' title='bbox 395 1920 469 1980; x_wconf 87' lang='lat' dir='ltr'>quas</span> <span class='ocrx_word' id='word_1_130' title='bbox 503 1902 657 1964; x_wconf 88' lang='lat' dir='ltr'>attulimus</span> <span class='ocrx_word' id='word_1_131' title='bbox 689 1901 867 1964; x_wconf 88' lang='lat' dir='ltr'>lectionibus</span> <span class='ocrx_word' id='word_1_132' title='bbox 904 1909 1033 1981; x_wconf 90' lang='lat' dir='ltr'>apparet,</span> <span class='ocrx_word' id='word_1_133' title='bbox 1069 1899 1249 1978; x_wconf 88' lang='lat' dir='ltr'>ubicumque</span> 
     </span>
     <span class='ocr_line' id='line_1_17' title="bbox 180 1997 1249 2085; baseline 0 -22"><span class='ocrx_word' id='word_1_134' title='bbox 180 2003 262 2064; x_wconf 87' lang='lat' dir='ltr'>WCZ</span> <span class='ocrx_word' id='word_1_135' title='bbox 294 2004 398 2077; x_wconf 91' lang='lat' dir='ltr'>desint,</span> <span class='ocrx_word' id='word_1_136' title='bbox 424 2006 524 2068; x_wconf 89' lang='lat' dir='ltr'>multis</span> <span class='ocrx_word' id='word_1_137' title='bbox 546 1997 618 2066; x_wconf 83' lang='lat' dir='ltr'>iocis</span> <span class='ocrx_word' id='word_1_138' title='bbox 641 2005 767 2067; x_wconf 90' lang='lat' dir='ltr'>dubitari</span> <span class='ocrx_word' id='word_1_139' title='bbox 791 2024 886 2085; x_wconf 90' lang='lat' dir='ltr'>posse,</span> <span class='ocrx_word' id='word_1_140' title='bbox 912 2014 1012 2066; x_wconf 92' lang='lat' dir='ltr'>utrum</span> <span class='ocrx_word' id='word_1_141' title='bbox 1037 2002 1174 2064; x_wconf 88' lang='lat' dir='ltr'>meliores</span> <span class='ocrx_word' id='word_1_142' title='bbox 1197 2011 1249 2064; x_wconf 89' lang='lat' dir='ltr'>aut</span> 
     </span>
     <span class='ocr_line' id='line_1_18' title="bbox 180 2106 1101 2188; baseline 0 -20"><span class='ocrx_word' id='word_1_143' title='bbox 180 2106 267 2168; x_wconf 90' lang='lat' dir='ltr'>etiarn</span> <span class='ocrx_word' id='word_1_144' title='bbox 292 2118 387 2169; x_wconf 86' lang='lat' dir='ltr'>rectae</span> <span class='ocrx_word' id='word_1_145' title='bbox 410 2108 549 2171; x_wconf 88' lang='lat' dir='ltr'>lectiones</span> <span class='ocrx_word' id='word_1_146' title='bbox 571 2109 739 2171; x_wconf 90' lang='lat' dir='ltr'>coniectura</span> <span class='ocrx_word' id='word_1_147' title='bbox 762 2117 895 2188; x_wconf 83' lang='lat' dir='ltr'>repertae</span> <span class='ocrx_word' id='word_1_148' title='bbox 918 2108 978 2170; x_wconf 88' lang='lat' dir='ltr'>sint</span> <span class='ocrx_word' id='word_1_149' title='bbox 999 2124 1101 2169; x_wconf 90' lang='lat' dir='ltr'>necne.</span> 
     </span>
    </p>

    <p class='ocr_par' dir='ltr' id='par_1_5' title="bbox 180 2210 1251 3638">
     <span class='ocr_line' id='line_1_19' title="bbox 266 2210 1248 2291; baseline 0.002 -20"><span class='ocrx_word' id='word_1_150' title='bbox 266 2210 299 2291; x_wconf 89' lang='lat'>3)</span> <span class='ocrx_word' id='word_1_151' title='bbox 322 2211 414 2273; x_wconf 84' lang='lat' dir='ltr'>Dubia</span> <span class='ocrx_word' id='word_1_152' title='bbox 442 2231 489 2274; x_wconf 91' lang='lat' dir='ltr'>res</span> <span class='ocrx_word' id='word_1_153' title='bbox 517 2221 575 2286; x_wconf 91' lang='lat' dir='ltr'>est,</span> <span class='ocrx_word' id='word_1_154' title='bbox 605 2213 655 2274; x_wconf 93' lang='lat' dir='ltr'>ubi</span> <span class='ocrx_word' id='word_1_155' title='bbox 683 2212 767 2274; x_wconf 91' lang='lat' dir='ltr'>tertia</span> <span class='ocrx_word' id='word_1_156' title='bbox 796 2211 930 2273; x_wconf 91' lang='lat' dir='ltr'>condicio</span> <span class='ocrx_word' id='word_1_157' title='bbox 957 2211 1076 2286; x_wconf 87' lang='lat' dir='ltr'>accidit,</span> <span class='ocrx_word' id='word_1_158' title='bbox 1103 2212 1123 2273; x_wconf 91' lang='lat' dir='ltr'>i.</span> <span class='ocrx_word' id='word_1_159' title='bbox 1145 2232 1170 2274; x_wconf 93' lang='lat' dir='ltr'>e.</span> <span class='ocrx_word' id='word_1_160' title='bbox 1199 2211 1248 2273; x_wconf 91' lang='lat' dir='ltr'>ubi</span> 
     </span>
     <span class='ocr_line' id='line_1_20' title="bbox 181 2314 1249 2394; baseline 0.002 -20"><span class='ocrx_word' id='word_1_161' title='bbox 181 2324 211 2375; x_wconf 91' lang='lat' dir='ltr'>et</span> <span class='ocrx_word' id='word_1_162' title='bbox 240 2314 355 2394; x_wconf 90' lang='lat' dir='ltr'>Yquid</span> <span class='ocrx_word' id='word_1_163' title='bbox 389 2316 525 2379; x_wconf 90' lang='lat' dir='ltr'>habuerit</span> <span class='ocrx_word' id='word_1_164' title='bbox 558 2324 674 2378; x_wconf 91' lang='lat' dir='ltr'>constat</span> <span class='ocrx_word' id='word_1_165' title='bbox 695 2325 725 2377; x_wconf 89' lang='lat' dir='ltr'>et</span> <span class='ocrx_word' id='word_1_166' title='bbox 746 2315 770 2377; x_wconf 91' lang='lat' dir='ltr'>Y</span> <span class='ocrx_word' id='word_1_167' title='bbox 792 2316 828 2377; x_wconf 92' lang='lat' dir='ltr'>ab</span> <span class='ocrx_word' id='word_1_168' title='bbox 852 2318 881 2376; x_wconf 99' lang='grc' dir='ltr'><em>Ω</em></span> <span class='ocrx_word' id='word_1_169' title='bbox 904 2315 1056 2387; x_wconf 68' lang='lat' dir='ltr'>dissentit,</span> <span class='ocrx_word' id='word_1_170' title='bbox 1089 2335 1159 2377; x_wconf 88' lang='lat' dir='ltr'>narn</span> <span class='ocrx_word' id='word_1_171' title='bbox 1195 2316 1249 2378; x_wconf 91' lang='lat' dir='ltr'>etsi</span> 
     </span>
     <span class='ocr_line' id='line_1_21' title="bbox 181 2418 1248 2500; baseline 0.001 -21"><span class='ocrx_word' id='word_1_172' title='bbox 181 2437 236 2479; x_wconf 93' lang='lat' dir='ltr'>nos</span> <span class='ocrx_word' id='word_1_173' title='bbox 251 2418 407 2499; x_wconf 91' lang='lat' dir='ltr'>opinamur</span> <span class='ocrx_word' id='word_1_174' title='bbox 422 2420 445 2480; x_wconf 87' lang='lat' dir='ltr'><strong>Y</strong></span> <span class='ocrx_word' id='word_1_175' title='bbox 462 2420 612 2481; x_wconf 89' lang='lat' dir='ltr'>meliorem</span> <span class='ocrx_word' id='word_1_176' title='bbox 629 2421 719 2481; x_wconf 88' lang='lat' dir='ltr'>fuisse</span> <span class='ocrx_word' id='word_1_177' title='bbox 736 2438 824 2499; x_wconf 92' lang='lat' dir='ltr'>quam</span> <span class='ocrx_word' id='word_1_178' title='bbox 842 2421 871 2480; x_wconf 92' lang='grc' dir='ltr'><em>Ω</em></span> <span class='ocrx_word' id='word_1_179' title='bbox 887 2428 975 2499; x_wconf 87' lang='lat' dir='ltr'>atquc</span> <span class='ocrx_word' id='word_1_180' title='bbox 995 2439 1059 2480; x_wconf 91' lang='lat' dir='ltr'>eam</span> <span class='ocrx_word' id='word_1_181' title='bbox 1077 2419 1248 2500; x_wconf 89' lang='lat' dir='ltr'>opinionem</span> 
     </span>
     <span class='ocr_line' id='line_1_22' title="bbox 180 2522 1249 2604; baseline 0.001 -22"><span class='ocrx_word' id='word_1_182' title='bbox 180 2522 235 2583; x_wconf 89' lang='lat' dir='ltr'>loci</span> <span class='ocrx_word' id='word_1_183' title='bbox 258 2542 333 2601; x_wconf 90' lang='lat' dir='ltr'>quos</span> <span class='ocrx_word' id='word_1_184' title='bbox 356 2523 424 2584; x_wconf 90' lang='lat' dir='ltr'>iude</span> <span class='ocrx_word' id='word_1_185' title='bbox 444 2543 459 2584; x_wconf 93' lang='lat' dir='ltr'>a</span> <span class='ocrx_word' id='word_1_186' title='bbox 482 2544 511 2604; x_wconf 91' lang='lat' dir='ltr'>p.</span> <span class='ocrx_word' id='word_1_187' title='bbox 533 2523 591 2583; x_wconf 78' lang='lat'>122</span> <span class='ocrx_word' id='word_1_188' title='bbox 614 2524 766 2586; x_wconf 89' lang='lat' dir='ltr'>attulimus</span> <span class='ocrx_word' id='word_1_189' title='bbox 783 2523 918 2604; x_wconf 86' lang='lat' dir='ltr'>probant,</span> <span class='ocrx_word' id='word_1_190' title='bbox 942 2533 1050 2597; x_wconf 90' lang='lat' dir='ltr'>tamen,</span> <span class='ocrx_word' id='word_1_191' title='bbox 1074 2524 1155 2603; x_wconf 91' lang='lat' dir='ltr'>quod</span> <span class='ocrx_word' id='word_1_192' title='bbox 1171 2522 1249 2584; x_wconf 84' lang='lat' dir='ltr'>Crat.</span> 
     </span>
     <span class='ocr_line' id='line_1_23' title="bbox 181 2626 1250 2699; baseline 0 -13"><span class='ocrx_word' id='word_1_193' title='bbox 181 2645 216 2686; x_wconf 91' lang='lat' dir='ltr'>ex</span> <span class='ocrx_word' id='word_1_194' title='bbox 238 2626 259 2687; x_wconf 85' lang='lat' dir='ltr'>C</span> <span class='ocrx_word' id='word_1_195' title='bbox 282 2635 311 2687; x_wconf 92' lang='lat' dir='ltr'>et</span> <span class='ocrx_word' id='word_1_196' title='bbox 335 2626 495 2688; x_wconf 88' lang='lat' dir='ltr'>Lambinus</span> <span class='ocrx_word' id='word_1_197' title='bbox 524 2647 559 2688; x_wconf 88' lang='lat' dir='ltr'>ex</span> <span class='ocrx_word' id='word_1_198' title='bbox 583 2627 603 2688; x_wconf 89' lang='lat' dir='ltr'>Z</span> <span class='ocrx_word' id='word_1_199' title='bbox 627 2628 717 2688; x_wconf 89' lang='lat' dir='ltr'>malas</span> <span class='ocrx_word' id='word_1_200' title='bbox 745 2626 885 2688; x_wconf 88' lang='lat' dir='ltr'>lectiones</span> <span class='ocrx_word' id='word_1_201' title='bbox 914 2628 1027 2688; x_wconf 86' lang='lat' dir='ltr'>adferre</span> <span class='ocrx_word' id='word_1_202' title='bbox 1055 2645 1117 2688; x_wconf 92' lang='lat' dir='ltr'>non</span> <span class='ocrx_word' id='word_1_203' title='bbox 1143 2627 1250 2699; x_wconf 85' lang='lat' dir='ltr'>solent,</span> 
     </span>
     <span class='ocr_line' id='line_1_24' title="bbox 183 2729 1249 2810; baseline 0.001 -20"><span class='ocrx_word' id='word_1_204' title='bbox 183 2729 238 2790; x_wconf 92' lang='lat' dir='ltr'>hoc</span> <span class='ocrx_word' id='word_1_205' title='bbox 268 2729 355 2790; x_wconf 92' lang='lat' dir='ltr'>modo</span> <span class='ocrx_word' id='word_1_206' title='bbox 384 2749 518 2809; x_wconf 83' lang='lat' dir='ltr'>agemus:</span> <span class='ocrx_word' id='word_1_207' title='bbox 553 2732 582 2810; x_wconf 90' lang='lat' dir='ltr'>a)</span> <span class='ocrx_word' id='word_1_208' title='bbox 611 2729 643 2791; x_wconf 87' lang='lat' dir='ltr'>in</span> <span class='ocrx_word' id='word_1_209' title='bbox 671 2730 756 2792; x_wconf 89' lang='lat' dir='ltr'>bonis</span> <span class='ocrx_word' id='word_1_210' title='bbox 784 2741 813 2793; x_wconf 92' lang='lat' dir='ltr'>et</span> <span class='ocrx_word' id='word_1_211' title='bbox 842 2731 924 2792; x_wconf 89' lang='lat' dir='ltr'>malis</span> <span class='ocrx_word' id='word_1_212' title='bbox 951 2729 1127 2793; x_wconf 89' lang='lat' dir='ltr'>lectionibus</span> <span class='ocrx_word' id='word_1_213' title='bbox 1156 2747 1249 2792; x_wconf 91' lang='lat' dir='ltr'>unum</span> 
     </span>
     <span class='ocr_line' id='line_1_25' title="bbox 181 2832 1250 2909; baseline 0.001 -16"><span class='ocrx_word' id='word_1_214' title='bbox 181 2832 323 2894; x_wconf 90' lang='lat' dir='ltr'>iudicium</span> <span class='ocrx_word' id='word_1_215' title='bbox 353 2833 473 2909; x_wconf 82' lang='lat' dir='ltr'>vaiebit3</span> <span class='ocrx_word' id='word_1_216' title='bbox 502 2833 603 2896; x_wconf 92' lang='lat' dir='ltr'>multis</span> <span class='ocrx_word' id='word_1_217' title='bbox 631 2842 730 2896; x_wconf 92' lang='lat' dir='ltr'>autem</span> <span class='ocrx_word' id='word_1_218' title='bbox 759 2834 831 2895; x_wconf 87' lang='lat' dir='ltr'>locis</span> <span class='ocrx_word' id='word_1_219' title='bbox 858 2834 999 2897; x_wconf 91' lang='lat' dir='ltr'>iudicium</span> <span class='ocrx_word' id='word_1_220' title='bbox 1029 2833 1130 2908; x_wconf 85' lang='lat' dir='ltr'>efficit,</span> <span class='ocrx_word' id='word_1_221' title='bbox 1163 2843 1198 2894; x_wconf 92' lang='lat' dir='ltr'>ut</span> <span class='ocrx_word' id='word_1_222' title='bbox 1227 2832 1250 2894; x_wconf 86' lang='lat' dir='ltr'>Y</span> 
     </span>
     <span class='ocr_line' id='line_1_26' title="bbox 181 2936 1250 3016; baseline 0.002 -20"><span class='ocrx_word' id='word_1_223' title='bbox 181 2954 350 3014; x_wconf 86' lang='lat' dir='ltr'>sequamur,</span> <span class='ocrx_word' id='word_1_224' title='bbox 374 2939 403 2998; x_wconf 93' lang='grc' dir='ltr'><em>Ω</em></span> <span class='ocrx_word' id='word_1_225' title='bbox 425 2936 591 2998; x_wconf 87' lang='lat' dir='ltr'>reiciamus.</span> <span class='ocrx_word' id='word_1_226' title='bbox 636 2937 667 3016; x_wconf 84' lang='lat' dir='ltr'>b)</span> <span class='ocrx_word' id='word_1_227' title='bbox 690 2936 724 2998; x_wconf 88' lang='lat' dir='ltr'>ln</span> <span class='ocrx_word' id='word_1_228' title='bbox 747 2938 851 2999; x_wconf 91' lang='lat' dir='ltr'>mediis</span> <span class='ocrx_word' id='word_1_229' title='bbox 873 2937 1092 3000; x_wconf 86' lang='lat' dir='ltr'>neutralibusvc</span> <span class='ocrx_word' id='word_1_230' title='bbox 1115 2937 1250 2999; x_wconf 89' lang='lat' dir='ltr'>lectioni-</span> 
     </span>
     <span class='ocr_line' id='line_1_27' title="bbox 182 3039 1251 3119; baseline -0.001 -18"><span class='ocrx_word' id='word_1_231' title='bbox 182 3039 253 3113; x_wconf 90' lang='lat' dir='ltr'>bus,</span> <span class='ocrx_word' id='word_1_232' title='bbox 284 3060 358 3119; x_wconf 91' lang='lat' dir='ltr'>quae</span> <span class='ocrx_word' id='word_1_233' title='bbox 386 3050 420 3103; x_wconf 89' lang='lat' dir='ltr'>ut</span> <span class='ocrx_word' id='word_1_234' title='bbox 449 3060 529 3102; x_wconf 92' lang='lat' dir='ltr'>nunc</span> <span class='ocrx_word' id='word_1_235' title='bbox 557 3050 602 3103; x_wconf 91' lang='lat' dir='ltr'>est</span> <span class='ocrx_word' id='word_1_236' title='bbox 633 3060 698 3102; x_wconf 87' lang='lat' dir='ltr'>raro</span> <span class='ocrx_word' id='word_1_237' title='bbox 725 3041 874 3116; x_wconf 90' lang='lat' dir='ltr'>accidunt,</span> <span class='ocrx_word' id='word_1_238' title='bbox 906 3061 974 3104; x_wconf 85' lang='lat' dir='ltr'>curn</span> <span class='ocrx_word' id='word_1_239' title='bbox 1003 3041 1146 3103; x_wconf 90' lang='lat' dir='ltr'>iudicium</span> <span class='ocrx_word' id='word_1_240' title='bbox 1176 3040 1251 3102; x_wconf 89' lang='lat' dir='ltr'>nihil</span> 
     </span>
     <span class='ocr_line' id='line_1_28' title="bbox 183 3142 1250 3226; baseline 0.001 -21"><span class='ocrx_word' id='word_1_241' title='bbox 183 3144 282 3218; x_wconf 86' lang='lat' dir='ltr'>valeat,</span> <span class='ocrx_word' id='word_1_242' title='bbox 307 3147 336 3205; x_wconf 92' lang='grc' dir='ltr'><em>Ω</em></span> <span class='ocrx_word' id='word_1_243' title='bbox 351 3145 381 3206; x_wconf 93' lang='lat' dir='ltr'>in</span> <span class='ocrx_word' id='word_1_244' title='bbox 405 3154 517 3207; x_wconf 90' lang='lat' dir='ltr'>textum</span> <span class='ocrx_word' id='word_1_245' title='bbox 534 3144 720 3225; x_wconf 85' lang='lat' dir='ltr'>recipiemus,</span> <span class='ocrx_word' id='word_1_246' title='bbox 744 3142 879 3226; x_wconf 83' lang='lat' dir='ltr'>CWZ**)</span> <span class='ocrx_word' id='word_1_247' title='bbox 901 3145 932 3208; x_wconf 92' lang='lat' dir='ltr'>in</span> <span class='ocrx_word' id='word_1_248' title='bbox 947 3146 1135 3207; x_wconf 89' lang='lat' dir='ltr'>adnotatione</span> <span class='ocrx_word' id='word_1_249' title='bbox 1158 3163 1250 3226; x_wconf 90' lang='lat' dir='ltr'>poue·</span> 
     </span>
     <span class='ocr_line' id='line_1_29' title="bbox 183 3248 1250 3328; baseline 0 -19"><span class='ocrx_word' id='word_1_250' title='bbox 183 3266 260 3309; x_wconf 90' lang='lat' dir='ltr'>mus.</span> <span class='ocrx_word' id='word_1_251' title='bbox 320 3248 405 3321; x_wconf 85' lang='lat' dir='ltr'>Quod</span> <span class='ocrx_word' id='word_1_252' title='bbox 445 3269 512 3310; x_wconf 91' lang='lat' dir='ltr'>cum</span> <span class='ocrx_word' id='word_1_253' title='bbox 548 3248 704 3320; x_wconf 82' lang='lat' dir='ltr'>faciemus,</span> <span class='ocrx_word' id='word_1_254' title='bbox 750 3248 858 3311; x_wconf 91' lang='lat' dir='ltr'>iniuria</span> <span class='ocrx_word' id='word_1_255' title='bbox 903 3249 1123 3322; x_wconf 90' lang='lat' dir='ltr'>accusabimur,</span> <span class='ocrx_word' id='word_1_256' title='bbox 1172 3248 1250 3328; x_wconf 92' lang='lat' dir='ltr'>quod</span> 
     </span>
     <span class='ocr_line' id='line_1_30' title="bbox 183 3350 1249 3433; baseline 0 -21"><span class='ocrx_word' id='word_1_257' title='bbox 183 3370 271 3433; x_wconf 89' lang='lat' dir='ltr'>supra</span> <span class='ocrx_word' id='word_1_258' title='bbox 298 3372 327 3432; x_wconf 92' lang='lat' dir='ltr'>p.</span> <span class='ocrx_word' id='word_1_259' title='bbox 345 3353 405 3413; x_wconf 87' lang='grc'>164</span> <span class='ocrx_word' id='word_1_260' title='bbox 439 3352 576 3426; x_wconf 91' lang='lat' dir='ltr'>diximus,</span> <span class='ocrx_word' id='word_1_261' title='bbox 610 3350 648 3411; x_wconf 91' lang='lat' dir='ltr'>W</span> <span class='ocrx_word' id='word_1_262' title='bbox 670 3351 763 3432; x_wconf 90' lang='lat' dir='ltr'>pluris</span> <span class='ocrx_word' id='word_1_263' title='bbox 797 3371 861 3413; x_wconf 88' lang='lat' dir='ltr'>esse</span> <span class='ocrx_word' id='word_1_264' title='bbox 895 3352 1061 3413; x_wconf 87' lang='lat' dir='ltr'>faciendum</span> <span class='ocrx_word' id='word_1_265' title='bbox 1093 3371 1184 3431; x_wconf 89' lang='lat' dir='ltr'>quam</span> <span class='ocrx_word' id='word_1_266' title='bbox 1214 3351 1249 3423; x_wconf 94' lang='lat' dir='ltr'>M,</span> 
     </span>
     <span class='ocr_line' id='line_1_31' title="bbox 183 3454 1251 3537; baseline -0.001 -21"><span class='ocrx_word' id='word_1_267' title='bbox 183 3463 271 3536; x_wconf 91' lang='lat' dir='ltr'>atque</span> <span class='ocrx_word' id='word_1_268' title='bbox 293 3456 419 3517; x_wconf 91' lang='lat' dir='ltr'>editores</span> <span class='ocrx_word' id='word_1_269' title='bbox 444 3457 549 3518; x_wconf 93' lang='lat' dir='ltr'>harum</span> <span class='ocrx_word' id='word_1_270' title='bbox 574 3476 639 3537; x_wconf 90' lang='lat' dir='ltr'>epp.</span> <span class='ocrx_word' id='word_1_271' title='bbox 662 3455 921 3535; x_wconf 80' lang='lat' dir='ltr'>reprehendimus3</span> <span class='ocrx_word' id='word_1_272' title='bbox 952 3475 1020 3516; x_wconf 89' lang='lat' dir='ltr'>nam</span> <span class='ocrx_word' id='word_1_273' title='bbox 1048 3454 1090 3516; x_wconf 92' lang='lat' dir='ltr'>illi</span> <span class='ocrx_word' id='word_1_274' title='bbox 1114 3455 1251 3517; x_wconf 87' lang='lat' dir='ltr'>homines</span> 
     </span>
     <span class='ocr_line' id='line_1_32' title="bbox 185 3557 1250 3638; baseline -0.002 -17"><span class='ocrx_word' id='word_1_275' title='bbox 185 3560 264 3622; x_wconf 93' lang='lat' dir='ltr'>docti</span> <span class='ocrx_word' id='word_1_276' title='bbox 292 3579 353 3622; x_wconf 93' lang='lat' dir='ltr'>uno</span> <span class='ocrx_word' id='word_1_277' title='bbox 375 3559 504 3622; x_wconf 90' lang='lat' dir='ltr'>Medioeo</span> <span class='ocrx_word' id='word_1_278' title='bbox 537 3560 584 3621; x_wconf 92' lang='lat' dir='ltr'>usi</span> <span class='ocrx_word' id='word_1_279' title='bbox 618 3571 701 3633; x_wconf 92' lang='lat' dir='ltr'>sunt,</span> <span class='ocrx_word' id='word_1_280' title='bbox 735 3559 786 3638; x_wconf 90' lang='lat' dir='ltr'>qui</span> <span class='ocrx_word' id='word_1_281' title='bbox 812 3559 903 3621; x_wconf 89' lang='lat' dir='ltr'>codex</span> <span class='ocrx_word' id='word_1_282' title='bbox 937 3567 999 3621; x_wconf 92' lang='lat' dir='ltr'>tum</span> <span class='ocrx_word' id='word_1_283' title='bbox 1034 3578 1061 3620; x_wconf 91' lang='lat' dir='ltr'>a.</span> <span class='ocrx_word' id='word_1_284' title='bbox 1082 3561 1145 3621; x_wconf 83' lang='grc'>1333</span> <span class='ocrx_word' id='word_1_285' title='bbox 1171 3557 1250 3621; x_wconf 84' lang='grc'>1350</span> 
     </span>
    </p>
   </div>
   <div class='ocr_carea' id='block_1_3' title="bbox 184 3745 1250 3982">
    <p class='ocr_par' dir='ltr' id='par_1_6' title="bbox 184 3745 1250 3982">
     <span class='ocr_line' id='line_1_33' title="bbox 269 3745 1250 3814; baseline -0.004 -14"><span class='ocrx_word' id='word_1_286' title='bbox 269 3745 293 3812; x_wconf 78' lang='lat' dir='ltr'>*J</span> <span class='ocrx_word' id='word_1_287' title='bbox 313 3749 365 3800; x_wconf 89' lang='lat' dir='ltr'>Nos</span> <span class='ocrx_word' id='word_1_288' title='bbox 388 3749 541 3809; x_wconf 89' lang='lat' dir='ltr'>conicimus,</span> <span class='ocrx_word' id='word_1_289' title='bbox 568 3749 648 3814; x_wconf 89' lang='lat' dir='ltr'>ipsum</span> <span class='ocrx_word' id='word_1_290' title='bbox 673 3745 836 3797; x_wconf 86' lang='lat' dir='ltr'>Petraroham</span> <span class='ocrx_word' id='word_1_291' title='bbox 864 3747 956 3797; x_wconf 86' lang='lat' dir='ltr'>multas</span> <span class='ocrx_word' id='word_1_292' title='bbox 984 3746 1147 3797; x_wconf 77' lang='lat' dir='ltr'>coniecturas</span> <span class='ocrx_word' id='word_1_293' title='bbox 1178 3761 1250 3798; x_wconf 84' lang='lat' dir='ltr'>cxco-</span> 
     </span>
     <span class='ocr_line' id='line_1_34' title="bbox 184 3831 1250 3901; baseline -0.001 -18"><span class='ocrx_word' id='word_1_294' title='bbox 184 3834 294 3897; x_wconf 83' lang='lat' dir='ltr'>gitosse3</span> <span class='ocrx_word' id='word_1_295' title='bbox 313 3850 375 3901; x_wconf 83' lang='lat' dir='ltr'>queo</span> <span class='ocrx_word' id='word_1_296' title='bbox 389 3836 551 3885; x_wconf 88' lang='lat' dir='ltr'>coniecturae</span> <span class='ocrx_word' id='word_1_297' title='bbox 565 3849 619 3883; x_wconf 89' lang='lat' dir='ltr'>oum</span> <span class='ocrx_word' id='word_1_298' title='bbox 633 3847 664 3882; x_wconf 89' lang='lat' dir='ltr'>ex</span> <span class='ocrx_word' id='word_1_299' title='bbox 678 3833 823 3898; x_wconf 78' lang='lat' dir='ltr'>apographo</span> <span class='ocrx_word' id='word_1_300' title='bbox 837 3831 908 3883; x_wconf 90' lang='lat' dir='ltr'>Petr.</span> <span class='ocrx_word' id='word_1_301' title='bbox 926 3833 952 3882; x_wconf 90' lang='lat' dir='ltr'>io</span> <span class='ocrx_word' id='word_1_302' title='bbox 973 3833 997 3884; x_wconf 88' lang='lat' dir='ltr'><strong>M</strong></span> <span class='ocrx_word' id='word_1_303' title='bbox 1016 3839 1136 3899; x_wconf 83' lang='grc'>33333133</span> <span class='ocrx_word' id='word_1_304' title='bbox 1157 3841 1250 3895; x_wconf 84' lang='grc'>333331,</span> 
     </span>
     <span class='ocr_line' id='line_1_35' title="bbox 184 3916 1000 3982; baseline -0.001 -17"><span class='ocrx_word' id='word_1_305' title='bbox 184 3918 316 3979; x_wconf 81' lang='lat' dir='ltr'>accidisse,</span> <span class='ocrx_word' id='word_1_306' title='bbox 336 3925 364 3967; x_wconf 90' lang='lat' dir='ltr'>ut</span> <span class='ocrx_word' id='word_1_307' title='bbox 383 3917 407 3967; x_wconf 94' lang='lat' dir='ltr'><strong>M</strong></span> <span class='ocrx_word' id='word_1_308' title='bbox 426 3918 457 3966; x_wconf 90' lang='lat' dir='ltr'>ab</span> <span class='ocrx_word' id='word_1_309' title='bbox 475 3918 530 3982; x_wconf 89' lang='lat' dir='ltr'>ipso</span> <span class='ocrx_word' id='word_1_310' title='bbox 550 3916 617 3965; x_wconf 87' lang='lat' dir='ltr'>Petr.</span> <span class='ocrx_word' id='word_1_311' title='bbox 639 3921 761 3964; x_wconf 85' lang='lat' dir='ltr'>exaratus</span> <span class='ocrx_word' id='word_1_312' title='bbox 780 3927 838 3964; x_wconf 89' lang='lat' dir='ltr'>esse</span> <span class='ocrx_word' id='word_1_313' title='bbox 857 3922 1000 3979; x_wconf 83' lang='lat' dir='ltr'>putaretur.</span> 
     </span>
    </p>
   </div>
   <div class='ocr_carea' id='block_1_4' title="bbox 184 4005 1248 4158">
    <p class='ocr_par' dir='ltr' id='par_1_7' title="bbox 184 4005 1248 4158">
     <span class='ocr_line' id='line_1_36' title="bbox 252 4005 1248 4077; baseline -0.008 -13"><span class='ocrx_word' id='word_1_314' title='bbox 252 4008 290 4072; x_wconf 84' lang='lat'>**)</span> <span class='ocrx_word' id='word_1_315' title='bbox 309 4008 460 4075; x_wconf 75' lang='lat' dir='ltr'>Quamquam</span> <span class='ocrx_word' id='word_1_316' title='bbox 479 4017 572 4077; x_wconf 81' lang='lat' dir='ltr'>quanto</span> <span class='ocrx_word' id='word_1_317' title='bbox 592 4010 673 4076; x_wconf 89' lang='lat' dir='ltr'>pluris</span> <span class='ocrx_word' id='word_1_318' title='bbox 692 4009 745 4059; x_wconf 87' lang='lat' dir='ltr'>siut</span> <span class='ocrx_word' id='word_1_319' title='bbox 763 4008 782 4058; x_wconf 77' lang='lat'>(2</span> <span class='ocrx_word' id='word_1_320' title='bbox 798 4008 827 4064; x_wconf 79' lang='grc'>-1-</span> <span class='ocrx_word' id='word_1_321' title='bbox 844 4007 878 4058; x_wconf 91' lang='lat' dir='ltr'>W</span> <span class='ocrx_word' id='word_1_322' title='bbox 896 4017 941 4060; x_wconf 87' lang='grc'>331</span> <span class='ocrx_word' id='word_1_323' title='bbox 954 4008 988 4059; x_wconf 92' lang='lat' dir='ltr'>W</span> <span class='ocrx_word' id='word_1_324' title='bbox 1004 4018 1033 4076; x_wconf 77' lang='lat'>†</span> <span class='ocrx_word' id='word_1_325' title='bbox 1049 4009 1069 4059; x_wconf 85' lang='lat' dir='ltr'>Z</span> <span class='ocrx_word' id='word_1_326' title='bbox 1088 4016 1135 4059; x_wconf 85' lang='grc'>331</span> <span class='ocrx_word' id='word_1_327' title='bbox 1153 4005 1248 4062; x_wconf 80' lang='lat' dir='ltr'>C÷Z</span> 
     </span>
     <span class='ocr_line' id='line_1_37' title="bbox 184 4090 851 4158; baseline -0.003 -16"><span class='ocrx_word' id='word_1_328' title='bbox 184 4107 256 4158; x_wconf 75' lang='lat' dir='ltr'>quoru</span> <span class='ocrx_word' id='word_1_329' title='bbox 275 4108 338 4143; x_wconf 88' lang='lat' dir='ltr'>uuus</span> <span class='ocrx_word' id='word_1_330' title='bbox 358 4091 376 4141; x_wconf 89' lang='lat' dir='ltr'>C</span> <span class='ocrx_word' id='word_1_331' title='bbox 395 4108 459 4143; x_wconf 86' lang='grc'>3333</span> <span class='ocrx_word' id='word_1_332' title='bbox 479 4091 513 4142; x_wconf 91' lang='lat' dir='ltr'>W</span> <span class='ocrx_word' id='word_1_333' title='bbox 532 4108 596 4142; x_wconf 91' lang='grc'>3333</span> <span class='ocrx_word' id='word_1_334' title='bbox 615 4090 635 4142; x_wconf 89' lang='grc' dir='ltr'>Ζ</span> <span class='ocrx_word' id='word_1_335' title='bbox 655 4091 719 4141; x_wconf 84' lang='lat' dir='ltr'>satis</span> <span class='ocrx_word' id='word_1_336' title='bbox 738 4096 851 4158; x_wconf 82' lang='lat' dir='ltr'>apparot.</span> 
     </span>
    </p>
   </div>
   <div class='ocr_carea' id='block_1_5' title="bbox 0 0 1445 4626">
    <p class='ocr_par' dir='ltr' id='par_1_8' title="bbox 0 0 1445 4626">
     <span class='ocr_line' id='line_1_38' title="bbox 0 0 1445 4626; baseline 0 0"><span class='ocrx_word' id='word_1_337' title='bbox 0 0 1445 4626; x_wconf 95' lang='lat' dir='ltr'> </span> 
     </span>
    </p>
   </div>
  </div>
 </body>
</html>
