2866 4626
541 273 873 334 -112--

176 449 267 510 codex
289 449 490 510 lurnesianus
522 458 641 530 tamque
674 450 788 511 infirma
818 459 889 511 sunt
919 450 1108 510 fundamenta
1138 449 1239 510 critica

177 552 282 614 barum
305 553 507 632 epistularum,
541 564 573 614 ut
596 553 735 633 quicquid
755 553 827 614 certi
849 565 878 615 et
899 554 972 614 recti
995 554 1031 614 de
1054 551 1074 611 Z
1097 552 1238 614 constitui

92 722 95 728 ,
176 664 274 736 potest
295 674 355 716 non
377 656 570 718 omittendum
595 676 659 719 esse
682 657 822 718 videatur.

262 759 300 819 Ut
332 759 418 822 lectio
452 760 500 821 ΖΒ
539 761 600 821 sola
636 761 751 822 infirma
784 771 843 834 est,
881 760 922 821 ita
959 761 1053 822 multo
1092 760 1237 821 minorem

177 863 380 925 auctoritatem
420 863 456 922 iis
495 863 669 925 lectionibus
703 864 889 925 tribuendam
923 884 987 925 esse
1018 863 1133 938 iudico,
1167 884 1238 945 quas

178 967 281 1027 Rosius
315 986 347 1028 se
379 966 409 1027 in
444 966 506 1027 suis
538 968 583 1027 vel
615 967 645 1027 in
679 967 816 1028 omnibus
850 967 911 1028 suis
943 967 1025 1028 libris
1053 968 1240 1030 codicibusre

177 1069 307 1131 invenire
328 1070 463 1131 adfirmat
484 1088 579 1149 neque
602 1071 721 1131 veroin
744 1070 808 1150 ipso
832 1070 852 1130 Z
875 1089 940 1131 esse
962 1070 1042 1132 dicit.

261 1173 374 1248 Restat,
408 1183 442 1234 ut
474 1192 655 1253 exponamus
688 1193 760 1253 quas
795 1175 923 1236 rationes
952 1175 982 1235 in
1006 1174 1051 1235 ΖΒ
1073 1174 1239 1237 adhibendo

179 1276 342 1354 sequendas
380 1295 444 1337 esse
477 1277 694 1349 existimemus;
733 1298 790 1358 qua
824 1278 859 1339 de
891 1298 923 1339 re
957 1279 1028 1339 haec
1059 1277 1239 1355 iudicamos;

178 1383 206 1452 a)
231 1379 414 1459 Ubicumque
437 1380 486 1441 ZB
515 1400 583 1442 cum
607 1380 669 1441 ΖΙ,1
703 1390 755 1443 aut
777 1381 839 1441 ΖΒ2
874 1390 926 1443 aut
958 1383 1020 1443 cod.
1041 1381 1159 1443 Pitboei
1192 1393 1241 1444 ant

179 1485 242 1545 cod.
265 1485 393 1545 Turnebi
422 1486 577 1558 consentit,
611 1486 647 1546 de
670 1484 719 1545 ΖΒ
752 1484 825 1546 nibil
856 1484 979 1547 dubium
1013 1492 1068 1547 est.
1114 1485 1146 1562 b)
1170 1486 1241 1547 Ubi-

179 1605 306 1665 cumque
327 1586 376 1647 ZB
398 1607 465 1649 cum
488 1589 499 1648 l
521 1589 566 1648 vel
587 1607 613 1648 v.
630 1608 655 1649 c.
679 1589 724 1650 vel
746 1608 771 1649 v.
789 1607 813 1648 c.
836 1598 866 1648 et
886 1588 926 1650 ita
942 1588 1060 1668 L(mgo)
1083 1590 1241 1662 consentit

180 1691 299 1751 Bosium
335 1710 437 1752 verum
461 1692 557 1753 dicere
578 1691 685 1753 iudico.
730 1691 759 1771 c)
781 1690 965 1770 Ubicumque
989 1692 1038 1753 ΖΒ
1060 1712 1128 1754 cum
1155 1694 1176 1755 C
1199 1694 1242 1754 vel

181 1794 216 1853 W
238 1795 282 1855 vel
304 1813 321 1855 c
343 1795 388 1856 vel
410 1798 438 1856 Σ
458 1795 614 1869 consentit,
648 1796 722 1856 nibil
754 1806 800 1856 est
832 1795 909 1874 quod
933 1795 1018 1856 Uosio
1048 1797 1241 1859 diffidendum

180 1917 244 1958 esse
266 1898 429 1959 credamus.
474 1899 505 1974 d)
528 1898 712 1978 Ubicumque
735 1898 839 1959 Bosius
869 1897 948 1959 solus
977 1899 1133 1961 lectionem
1163 1920 1200 1962 ex
1222 1900 1242 1960 Z

180 2004 282 2075 adfert,
305 2003 446 2064 iodicium
469 2003 575 2063 valeto:
610 2002 635 2062 si
657 2001 819 2062 necessaria
842 2008 887 2062 est
908 2001 1003 2076 lectio,
1026 2002 1056 2063 io
1081 2011 1166 2065 textu
1188 2022 1242 2083 po·

180 2106 272 2178 nitor3
301 2107 326 2167 si
348 2125 407 2167 non
430 2116 476 2168 est
497 2106 669 2178 necessaria,
692 2124 708 2166 a
730 2114 813 2167 textu
835 2105 945 2178 abesto,
967 2125 1004 2166 ne
1026 2107 1190 2186 neglegitor
1212 2109 1242 2169 iu

180 2209 368 2270 adnotatione
389 2210 497 2270 critica.

264 2312 397 2374 Baiterus
420 2314 584 2393 complures
607 2311 745 2372 lectiones
767 2331 802 2372 ex
825 2312 874 2373 ΖΒ
898 2314 1033 2393 neglexit.

265 2415 298 2495 8)
320 2416 396 2477 b=
409 2417 549 2479 lectiones
571 2435 587 2477 a
603 2415 690 2476 Bosio
712 2415 807 2495 primo
830 2416 860 2477 in
877 2425 959 2478 textu
974 2415 1097 2497 positae.
1135 2416 1240 2478 Utrum

180 2520 284 2580 Rosius
318 2521 404 2581 tacite
437 2538 496 2580 non
527 2519 622 2580 nullas
644 2519 785 2580 lectiones
807 2538 843 2580 ex
865 2520 885 2579 Z
907 2520 938 2580 in
962 2529 1075 2582 textum
1099 2521 1242 2601 receperit

181 2642 216 2684 an
233 2624 411 2704 ubicumque
427 2631 538 2683 textum
552 2623 676 2683 mutavit
686 2623 718 2683 in
728 2622 966 2684 adnotationibus
977 2632 1075 2684 notam
1089 2623 1242 2694 addiderit,

181 2745 260 2788 nunc
282 2747 336 2788 nos
351 2727 508 2789 diiudicare
531 2747 591 2788 non
611 2745 772 2806 possumus
793 2736 881 2805 atque
903 2725 933 2786 in
949 2736 1101 2805 posterum
1127 2738 1242 2807 tempus

181 2848 243 2891 rem
260 2830 459 2891 difficiUimam
481 2832 687 2911 explorandam
704 2831 881 2892 differimus:
905 2830 989 2891 multi
1005 2829 1084 2891 enim
1102 2832 1242 2911 temporis

181 2942 226 2994 est
251 2933 434 3013 investigare,
467 2934 546 3014 qood
569 2935 717 3014 exemplar
738 2933 844 2995 Rosius
867 2943 985 2996 secutus
1007 2933 1057 3006 sit,
1088 2932 1242 2995 Rosianam

180 3037 339 3098 editionem
363 3037 398 3098 de
420 3037 476 3098 isto
499 3038 656 3119 exemplari
679 3038 839 3107 detrahere,
866 3036 999 3096 residuas
1020 3036 1163 3098 lectiones
1188 3038 1244 3098 Βο-

182 3141 278 3200 sianas
288 3159 354 3201 cum
365 3140 511 3220 prioribus
523 3141 699 3204 editionibus
710 3141 852 3213 conferre,
859 3139 1041 3201 coniecturas
1051 3149 1121 3201 ante
1131 3159 1244 3201 annum

185 3243 264 3305 1580
299 3243 475 3323 excogitatas
509 3264 575 3306 cum
609 3245 783 3306 lectionibus
813 3243 942 3305 aBosio
961 3243 1076 3304 novatis
1099 3247 1244 3306 conterre.

181 3348 214 3407 ln
238 3366 270 3408 ea
293 3347 428 3421 editione,
462 3367 550 3428 quam
575 3367 628 3409 nos
651 3347 828 3420 curabimus,
862 3366 910 3408 res
933 3346 1059 3408 breviter
1082 3357 1247 3427 exponetur

182 3462 269 3531 atque
295 3451 444 3524 lectiones,
479 3453 503 3512 si
534 3471 608 3530 quae
638 3460 724 3513 erunt
752 3470 767 3512 a
796 3450 882 3512 Bosio
910 3458 1041 3523 novatae,
1071 3449 1090 3510 b
1116 3451 1247 3530 appella-

182 3556 301 3616 buntur.

267 3658 297 3734 9)
322 3657 363 3718 B²
393 3659 438 3718 vel
464 3678 490 3718 v.
514 3677 538 3718 c.
562 3657 602 3718 Β2
633 3658 677 3718 vel
704 3656 809 3718 Bosius
841 3657 872 3719 in
906 3656 1047 3719 addendis
1076 3673 1127 3715 eae
1158 3665 1248 3717 notae

183 3761 371 3842 appellandae
394 3771 471 3834 sunt,
506 3762 670 3840 dequibus
693 3763 832 3824 Graevius
853 3763 884 3822 in
907 3761 997 3842 praef.
1021 3759 1093 3820 baec
1115 3759 1247 3839 scripsit:

185 3865 314 3926 ‘Praeter
336 3876 429 3939 notaS,
458 3884 530 3944 quas
552 3865 615 3944 ipse
637 3865 710 3926 iuris
733 3866 841 3946 publici
863 3865 933 3926 iecit
954 3863 1069 3934 Rosius,
1097 3862 1179 3942 leges
1202 3863 1251 3924 bic

184 3987 242 4028 non
273 3969 367 4030 nullas
397 3969 521 4029 ineditas
550 3977 626 4041 ante,
661 3969 767 4048 quibus
790 3970 903 4050 priores
925 3975 1046 4029 auxerat
1068 3984 1121 4026 sua
1146 3985 1250 4028 manu.

183 4071 237 4132 Eas
253 4072 405 4152 excerpsit,
421 4080 450 4132 et
467 4072 536 4132 mibi
549 4072 630 4132 misit
641 4073 712 4133 civis
724 4074 812 4147 Rosii,
829 4072 996 4152 Stephanus
1008 4068 1146 4131 Balusius
1160 4115 1167 4130 .
1182 4116 1189 4131 .
1204 4071 1252 4132 ..¹.
