2866 4626
550 220 885 282 —157—-

181 396 253 457 inde
283 397 477 477 suspicamur,
511 398 589 477 quod
623 398 738 478 saepius
761 401 791 458 Σ
810 417 907 458 veram
937 398 1091 459 lectionem
1121 398 1248 478 praehet,

177 501 230 561 ubi
246 502 275 561 in
292 501 321 564 M
337 511 387 562 aut
403 501 432 561 in
449 501 476 561 M
491 511 557 579 -ps
580 502 685 563 litteris
702 512 731 562 et
747 503 863 582 syllabis
880 503 952 562 falso
976 502 1141 563 coniunctis
1159 502 1249 562 mira-

178 605 252 666 biles
277 624 392 666 errores
415 606 600 667 exstiterunt.
644 605 740 666 Pauca
763 605 821 666 iarn

661 828 699 880 de
722 820 765 880 Μ2

179 992 375 1054 exponemus3
398 973 436 1032 ita
460 972 538 1032 eninr
562 973 636 1032 ratio
660 972 890 1053 institutumque
906 983 1024 1033 nostrae
1040 973 1249 1053 disputationis

179 1079 248 1145 fort,
278 1085 319 1148 ut,
350 1094 417 1135 curn
442 1075 489 1135 alii
512 1074 650 1154 philologi
674 1095 688 1134 a
714 1077 754 1134 lll
776 1086 806 1135 ct
828 1075 868 1135 Mn
893 1076 1015 1155 protecti
1040 1076 1099 1136 sint
1122 1077 1157 1135 atl
1182 1077 1250 1136 reli-

180 1199 255 1257 quos
272 1179 386 1238 codices
404 1179 621 1252 exanimandos
645 1198 699 1239 rios
715 1198 750 1238 ex
767 1179 852 1238 CZW
868 1178 952 1238 initio
970 1179 1131 1239 disserendi
1153 1190 1250 1259 capto,

180 1293 336 1362 postquam
361 1283 469 1360 aliquid
494 1283 528 1341 de
544 1284 573 1342 Σ
590 1283 656 1342 inde
677 1283 817 1343 constitui
834 1301 919 1362 posse
936 1282 1019 1342 nobis
1036 1284 1248 1362 persuasimus

182 1387 211 1445 iu
236 1383 277 1444 nr
302 1385 413 1446 exitum
437 1396 466 1445 et
489 1386 576 1446 tinem
601 1386 716 1446 dicendi
740 1386 908 1445 habeamus.
948 1384 988 1444 De
1003 1385 1043 1444 ar
1069 1386 1157 1464 igitur
1180 1388 1251 1447 haec

182 1509 236 1550 nos
259 1490 405 1549 invenisse
428 1499 581 1568 putamus:

232 1608 262 1682 i)
285 1606 443 1683 Pleraeque
477 1605 616 1665 lectiones
644 1604 682 1662 pp
719 1604 748 1663 in
777 1603 904 1664 ENHOP
933 1614 984 1664 aut
1012 1604 1079 1664 inde
1110 1625 1125 1666 a
1155 1607 1251 1666 rnedio

281 1709 357 1769 libro
381 1709 430 1768 Vll
452 1709 482 1767 in
506 1707 748 1768 convertant>
772 1708 970 1768 inveniuntur.

229 1825 262 1904 2)
286 1825 328 1884 Ex
361 1825 396 1885 iis
429 1824 603 1886 lectionibus
637 1823 687 1897 rll2‚
722 1844 795 1902 quae
830 1844 890 1885 non
924 1836 995 1886 sunt
1029 1825 1059 1885 in
1087 1825 1250 1898 russaer,

285 1930 439 2008 pleraeque
475 1929 641 1989 coniectura
675 1928 853 2006 excogitatae
887 1940 953 1990 sunt
985 1949 1080 2008 neque
1109 1930 1251 2008 genuinae

285 2033 418 2093 lectionis
442 2031 644 2093 auctoritatem
669 2030 785 2092 habent.

230 2149 263 2229 3)
288 2149 397 2209 Paucas
419 2150 558 2210 lectiones
582 2169 617 2208 ex
640 2148 691 2222 M2,
726 2168 799 2227 quae
835 2168 895 2209 non
929 2159 999 2210 sunt
1032 2150 1061 2210 in
1086 2150 1250 2225 ENHORP,

286 2273 346 2313 non
370 2252 537 2314 coniectura
560 2263 690 2333 repertas
714 2272 777 2314 esse
794 2253 951 2327 credimus
975 2256 1054 2333 quod
1078 2255 1149 2317 tales
1173 2266 1251 2330 sunt,

288 2367 401 2418 utnon
426 2357 508 2418 facile
531 2357 686 2436 excogitari
710 2357 869 2437 potuerint.

271 2461 371 2539 ltaque
404 2461 545 2522 lectiones
569 2462 610 2521 ur
629 2468 657 2516 ÷
677 2461 843 2534 ENHORP,
878 2460 939 2520 sive
972 2480 1056 2521 verae
1091 2471 1161 2522 sunt
1194 2462 1254 2522 sive

186 2565 284 2636 falsae,
319 2584 354 2624 ex
376 2564 473 2644 aliquo
497 2566 595 2626 codice
619 2575 752 2644 sumptas
776 2584 840 2625 esse
863 2573 998 2644 apparet3
1031 2583 1098 2624 narn
1127 2583 1165 2624 ue
1187 2565 1254 2643 quis

187 2668 274 2740 dicat,
307 2667 346 2727 Μ2
383 2668 478 2747 prirno
510 2668 540 2727 in
569 2668 666 2730 codice
689 2668 816 2729 llediceo
841 2668 1016 2747 adscriptas
1050 2678 1118 2748 post
1145 2688 1180 2728 ex
1206 2669 1254 2728 iilo

187 2772 288 2833 codice
320 2773 349 2831 in
373 2771 527 2831 ENHORP
556 2775 701 2851 profectas
730 2792 803 2844 esse,
838 2780 867 2832 et
891 2771 913 2831 E
937 2772 1042 2845 obstat,
1077 2791 1165 2850 quern
1200 2791 1254 2832 nos

186 2876 269 2955 parius
299 2893 387 2953 quarn
408 2874 435 2934 M
460 2884 609 2936 exaraturn
627 2895 690 2936 esse
707 2875 880 2949 iudicamus,
905 2886 933 2937 et
949 2875 1103 2936 consensio
1120 2875 1253 2937 omnium

186 2978 320 3040 codicum
345 2980 381 3038 Σ.

273 3082 353 3154 Quae
383 3102 449 3143 curn
480 3082 519 3143 ita
548 3083 622 3156 sint,
656 3082 712 3143 hoc
736 3082 822 3143 modo
845 3082 901 3143 iarn
928 3101 973 3143 res
997 3082 1177 3143 instituenda
1201 3093 1255 3155 est,

188 3196 220 3247 ut
241 3205 344 3247 omnes
360 3185 500 3246 lectiones
515 3186 567 3259 Ml,
590 3206 664 3265 quae
679 3205 739 3246 non
756 3196 826 3247 sunt
849 3186 878 3247 in
895 3185 1058 3260 ENHORP‚
1082 3186 1256 3265 colligantur

188 3299 274 3369 atquc
308 3289 339 3349 in
373 3309 436 3349 earn
472 3309 533 3350 rent
569 3290 744 3368 inquiratur,
779 3309 851 3350 nurn
883 3309 985 3350 ornnes
1016 3290 1088 3350 tales
1115 3290 1256 3350 lectiones

188 3395 288 3454 earlern
324 3411 411 3453 rnarru
447 3395 474 3453 in
505 3393 532 3451 lli
566 3393 728 3472 adscriptae
762 3394 834 3467 sint,
870 3403 969 3455 utrum
1005 3413 1137 3473 quaeque
1170 3393 1256 3454 lectio

188 3497 355 3557 coniectura
382 3516 445 3557 esse
469 3516 506 3557 an
530 3517 564 3557 ex
587 3496 683 3575 aliquo
706 3496 805 3557 codice
828 3497 969 3575 migrasse
992 3497 1138 3558 videatur:
1167 3515 1254 3576 quarn

189 3619 251 3661 rena
276 3619 363 3660 rrerno
386 3600 494 3680 poterit
516 3601 654 3661 ornnibus
677 3601 809 3661 numeris
832 3601 981 3680 perticere,
1009 3600 1067 3661 nisi
1089 3600 1136 3661 cui
1159 3599 1258 3661 licebit

189 3703 252 3783 ipso
277 3704 376 3764 codice
392 3704 519 3764 llerliceo
543 3704 592 3765 (liu
618 3704 673 3780 uti;
697 3713 726 3764 et
749 3714 846 3764 tamen
868 3703 990 3764 dubiurn
1008 3712 1061 3777 est,
1085 3722 1156 3763 nurn
1173 3699 1257 3780 res*)

258 3960 279 4016 *l
302 3959 413 4006 Alterura
443 3958 577 4020 rationein,
606 3974 651 4021 qua
677 3958 839 4005 coniecturae
863 3972 894 4004 rx
913 3954 950 4006 M2
977 3955 1054 4004 i'acile
1078 3961 1257 4017 agrioscantur‚

190 4039 257 4088 infra
277 4055 299 4104 p.
321 4040 369 4088 185
388 4053 518 4105 exponam.
