2866 4626
548 219 881 282 *127*—

183 396 207 456 si
230 396 386 468 attulisset,
409 413 523 455 errores
546 414 719 457 communes
742 397 810 457 inC
832 405 861 457 et
876 395 913 455 W
928 396 1003 457 Crat.
1017 397 1054 457 W
1075 416 1161 458 usum
1185 417 1250 460 esse

182 498 348 578 probarent,
372 498 495 578 deniqne
512 498 590 578 quod
608 498 777 573 Cratander,
801 500 829 560 id
846 500 923 578 quod
947 518 975 578 p.
993 498 1032 559 53
1049 502 1248 581 exposuimus,

183 601 388 681 compluribus
412 601 561 662 codicibus
584 622 655 664 usus
678 613 732 664 est.
766 605 861 683 Atque
882 601 918 661 W
941 603 1041 664 multis
1064 604 1159 684 iisque
1182 625 1249 685 per·

184 706 268 766 bonis
304 705 479 766 lectionibus
513 724 580 767 cum
605 705 716 766 Ceto
746 707 910 767 consentire
940 726 974 767 ex
1001 706 1037 767 iis
1064 727 1138 787 quae
1162 729 1249 790 snpra

180 828 209 888 p.
228 807 287 869 123
303 808 457 870 attulimus
473 819 606 889 apparet3
623 828 718 888 neque
734 828 804 870 vero
822 810 925 871 iisdem
941 809 1115 872 lectionibus
1131 812 1248 873 eosdem

179 912 274 973 fuisse
307 911 422 973 codices
456 912 476 972 C
511 922 540 972 et
568 912 604 970 W
638 913 766 992 intellegi
798 913 978 975 iudicamus:
1013 915 1091 992 quod
1126 914 1150 975 si
1183 915 1250 994 quis

181 1015 247 1075 inde
282 1015 357 1075 effici
391 1026 518 1096 putaret,
552 1017 630 1077 idem
665 1035 718 1077 cur
750 1017 944 1078 Cratandrum
982 1017 1046 1078 cod.
1067 1017 1251 1079 lurnesiano

182 1136 268 1178 usum
299 1137 364 1179 esse
393 1129 521 1198 negaret,
552 1120 625 1180 nibil
653 1131 739 1181 esset.
784 1120 914 1213 Accedit,
944 1121 1021 1199 quod
1050 1121 1126 1182 hand
1150 1122 1251 1202 paucis

181 1220 252 1280 locis
276 1219 297 1281 C
320 1222 365 1281 vel
386 1241 402 1282 c
425 1242 439 1283 a
465 1224 497 1280 W
521 1223 669 1284 dissentit:

267 1324 304 1383 W
322 1323 350 1394 3,
368 1325 386 1386 6
409 1326 552 1388 asseculae
573 1328 594 1387 C
617 1337 709 1387 recte:
735 1328 773 1388 od
796 1328 888 1388 secute
903 1327 939 1384 W
962 1327 1044 1388 falso.
1060 1362 1101 1370 -
1124 1329 1150 1389 X
1167 1330 1215 1396 11,
1232 1329 1250 1386 2
1266 1313 1273 1320 ’

185 1428 218 1500 Q.
236 1427 371 1490 AcrbsC
402 1439 494 1490 recte:
527 1431 650 1509 miliique
681 1434 770 1492 octos
793 1430 828 1487 W
852 1430 932 1490 salso.
967 1465 1008 1474 -—
1042 1430 1168 1503 utta
1192 1443 1253 1493 orat

186 1527 335 1612 <iocotos>
360 1551 387 1605 c,
411 1551 477 1593 curn
503 1535 522 1599 Ι,
540 1533 595 1592 Α12
625 1533 750 1594 habeant
778 1539 832 1595 crit
860 1535 997 1612 [iocotoc]:
1033 1553 1112 1595 mom
1146 1535 1253 1597 locotus

186 1634 228 1693 W.
261 1670 302 1677 —-
337 1635 360 1694 X
387 1635 501 1709 12a‚1
538 1641 710 1716 imperatum
741 1656 770 1707 c,
802 1656 869 1697 cum
897 1637 923 1710 Ι,
947 1637 1003 1697 Α12
1037 1638 1164 1699 habeant
1196 1642 1251 1698 im-

184 1749 341 1816 petratum:
376 1744 585 1819 imperaturum
609 1739 646 1799 W
668 1741 750 1801 falso.
775 1775 813 1783 -
838 1740 964 1813 xant
993 1741 1030 1802 od
1051 1761 1095 1802 me
1117 1745 1192 1802 venit
1214 1742 1251 1803 C:

185 1843 221 1902 cd
243 1860 287 1902 ano
311 1839 435 1924 <monc>
459 1847 535 1904 vortit
558 1843 602 1916 W,
620 1844 636 1903 l.
664 1879 702 1886 —
734 1842 775 1903 Xl
791 1843 854 1911 9,3
877 1848 908 1904 in
930 1863 994 1904 eom
1016 1863 1040 1917 c,
1058 1843 1189 1923 Ltmgotz
1222 1849 1252 1905 in

186 1964 218 2005 ec
240 1945 285 2005 W.
306 1981 347 1988 -
370 1946 420 2006 XV
436 1945 501 2018 2,4
523 1945 654 2009 Flamma
679 1947 712 2008 C:
736 1946 884 2024 {iammoni
906 1945 942 2003 W
964 1945 1048 2006 falso.

272 2049 354 2121 Quae
377 2069 443 2112 cum
468 2050 507 2110 ita
531 2050 599 2123 sint,
634 2069 687 2111 cur
709 2050 902 2111 Cratandrnm
929 2051 962 2109 W
987 2068 1074 2110 usum
1097 2068 1162 2111 esse
1186 2069 1251 2111 cre·

188 2152 300 2226 damus,
324 2153 396 2214 nihil
418 2173 482 2215 esse
505 2163 587 2233 puto.

431 2424 523 2480 Dec
550 2428 580 2480 et
603 2426 709 2480 codice
732 2423 1008 2480 baurisbetmenst.

257 2567 369 2647 ,Altera
392 2586 487 2646 neque
502 2567 593 2627 levior
615 2576 660 2628 est
675 2568 817 2646 quaestio,
841 2567 928 2628 ubiC
950 2566 1058 2646 reperti
1082 2566 1150 2640 sint,
1174 2567 1252 2628 unde

192 2687 237 2729 eos
260 2670 375 2731 codices
391 2669 550 2731 Cratander
572 2670 729 2750 acceperit3
751 2689 820 2730 nam
844 2689 911 2730 cum
929 2671 1006 2731 Crat.
1028 2670 1057 2730 in
1082 2673 1171 2750 prael.
1188 2671 1251 2750 p.4

193 2771 258 2834 haec
292 2773 412 2835 scribat:
447 2776 533 2836 ‘inter
567 2794 641 2854 quos
669 2773 743 2852 (scil.
769 2774 896 2853 codices)
924 2792 982 2834 non
1005 2792 1123 2853 paucos,
1157 2792 1253 2853 neque

193 2877 381 2954 poenitendos
404 2878 487 2939 nobis
511 2876 737 2938 communicavit
753 2876 794 2936 lo.
808 2878 975 2949 Sicbardus,
999 2885 1131 2936 veterum
1155 2877 1253 2937 moni-

196 2989 357 3041 mentorum
382 2989 569 3042 conservator
592 2980 842 3060 diligentissimus'
865 2998 991 3058 cumque
1014 2980 1035 3039 C
1058 2979 1253 3041 multislocis

195 3101 256 3144 cum
280 3085 310 3157 Z,
343 3085 393 3164 qui
423 3085 454 3145 in
485 3085 580 3164 aliqua
603 3085 710 3146 Galliae
737 3085 855 3163 regione
883 3090 1017 3143 exaratus
1041 3101 1105 3144 esse
1128 3078 1252 3153 videtur,

195 3187 362 3260 consentiat,
396 3188 479 3249 facile
510 3189 626 3250 videtur
659 3207 723 3248 esse
757 3187 899 3257 conicere,
933 3205 949 3244 e
981 3185 1070 3247 Gallia
1101 3188 1254 3249 Cratandri

195 3291 302 3351 codices
325 3290 355 3351 in
379 3291 564 3351 Germaniam
587 3292 718 3353 invectos
741 3311 815 3352 esse.
861 3291 949 3350 lstam
973 3289 1152 3369 opinionem,
1179 3311 1253 3371 quae

197 3393 276 3454 nobis
298 3380 415 3473 quoqne
438 3395 593 3474 aliquando
616 3396 771 3468 arridebat,
805 3402 856 3455 aut
889 3401 980 3454 totam
1015 3402 1066 3455 aut
1095 3394 1190 3474 aliqua
1219 3413 1255 3455 ex

196 3507 272 3574 parte
294 3497 395 3558 falsam
420 3516 484 3558 esse
506 3518 542 3558 ex
564 3498 600 3558 iis
622 3499 816 3579 intellegetur,
844 3515 919 3575 quac
946 3495 1002 3556 iarn
1028 3497 1253 3577 disputabimus.

276 3601 343 3662 Seb.
357 3600 502 3662 Corradus
518 3603 548 3662 in
564 3603 655 3682 praef.
672 3605 706 3664 ad
722 3602 861 3683 epistulas
877 3600 912 3661 ad
925 3600 1065 3673 Atticum,
1078 3620 1151 3680 quas
1166 3619 1253 3662 accu-

197 3703 337 3765 ratissime
359 3704 518 3766 illustratas
541 3725 565 3765 a.
585 3705 810 3767 contumetiis
832 3703 931 3776 edidit,
955 3704 1026 3765 haec
1049 3704 1165 3765 scribit:
1194 3704 1253 3764 ‘sed

197 3824 282 3884 quum
306 3808 364 3868 duo
388 3808 591 3868 tantummodo
615 3808 817 3870 huiuscemodi
839 3807 914 3880 libri,
937 3807 988 3887 qui
1011 3807 1178 3869 autoritatis
1200 3807 1254 3868 ali-

199 3911 261 3986 quid
286 3912 421 3984 habeant,
448 3910 535 3970 hodic
557 3911 750 3991 reperiantur,
782 3912 855 3973 alter
875 3913 906 3973 in
930 3913 1009 3974 ltalia
1033 3912 1108 3991 apud
1132 3910 1253 3973 Petrum

199 4011 288 4091 ipsum
306 4015 476 4091 victorium,
500 4015 550 4095 qui
566 4015 713 4077 Francisci
729 4017 902 4078 Petrarchae
925 4017 1016 4076 fuisse
1040 4016 1159 4077 dicitur:
1182 4016 1256 4075 alter
