2866 4626
662 279 996 341 w-too—

293 466 410 517 onnstus
420 475 494 517 onro
505 456 610 524 escilus
620 473 679 515 non
689 461 776 534 possit
789 456 947 517 oscendero'
958 454 1087 515 codicem
1101 474 1117 514 a
1135 454 1211 513 Petr.
1221 453 1366 533 scriptum

293 559 332 619 ita
374 559 510 619 habuisse
551 559 692 631 coniciam
732 579 799 620 uam
835 556 981 619 Ciceronis
1021 576 1114 635 geuus
1152 556 1267 617 dicendi
1308 575 1366 616 nou

292 663 423 723 admittit
443 665 549 743 sortem
573 662 665 723 locrtm
688 682 742 742 pro
765 663 880 724 castello
902 681 997 740 neque
1020 671 1140 722 onrtstns
1164 677 1237 721 notro
1261 660 1369 721 osellns

292 765 407 826 codices
430 766 507 837 116,
527 766 565 824 12
591 767 705 826 habeut.
751 766 885 843 Itemque
912 774 990 824 erret
1012 763 1062 844 qui
1086 783 1121 823 ex
1144 764 1187 823 eis
1210 782 1287 842 quae
1311 763 1367 823 Pe-

293 869 408 928 trarclm
439 868 469 928 in
497 870 621 949 epistula
655 869 780 948 quadam
811 868 940 946 (Viertel.
964 887 991 948 p.
1016 867 1071 947 34)
1105 866 1221 927 scribit:
1257 865 1366 926 ‘Unum

292 972 525 1050 praetermisisse
553 973 632 1032 dicar
659 973 694 1033 ab
723 972 768 1043 iis,
803 972 863 1050 qui,
897 980 931 1032 ut
963 971 991 1032 iu
1020 971 1141 1051 epistola
1171 969 1299 1049 quadam
1329 969 1369 1030 ait

292 1075 387 1134 Julius
412 1075 525 1144 Caesar,
549 1076 601 1136 tilri
621 1086 646 1135 et
668 1076 739 1136 milri
758 1077 877 1154 facerunt
899 1077 1088 1136 inimicissimi
1109 1119 1115 1132 .
1133 1118 1139 1132 .
1158 1073 1174 1132 .'
1199 1073 1366 1144 concludat,

298 1179 423 1256 {semper}
448 1178 568 1256 fuorunt
591 1197 644 1257 pro
668 1175 818 1259 (sempor)
852 1178 973 1256 facerunt
1004 1179 1031 1236 iu
1061 1177 1236 1236 Petrarchae
1268 1177 1368 1238 codice

294 1280 401 1350 iuisse3
425 1299 492 1340 nam
510 1279 540 1339 iu
556 1278 675 1339 historia
691 1279 760 1339 tulit
777 1281 908 1340 Caesaris
926 1280 1082 1340 Petrarclra
1099 1289 1190 1341 totam
1209 1281 1366 1360 epistulam

292 1383 329 1442 lX
346 1384 389 1443 'lc
411 1383 506 1443 adieri
530 1391 616 1460 atquc
643 1379 789 1464 (semper)
815 1386 937 1463 inerunt
959 1384 1070 1444 scribit.
1117 1384 1207 1444 llulto
1242 1384 1368 1444 certiora

295 1496 382 1563 atque
419 1485 549 1545 firmiora
584 1505 616 1546 ea
651 1495 730 1556 sum,
768 1505 843 1564 quae
878 1485 1034 1547 Petrarcha
1070 1488 1099 1547 iu
1137 1486 1262 1547 historia
1300 1487 1369 1547 lulii

297 1588 428 1648 Caesaris
460 1589 561 1667 ponit3
595 1607 662 1648 uam
691 1607 758 1649 cum
792 1589 821 1647 iu
857 1608 918 1670 cap.
942 1589 993 1649 XX
1028 1591 1196 1669 complures
1226 1590 1369 1668 epistulas

296 1710 404 1769 easque
427 1688 571 1772 totasfivel
596 1709 730 1768 maguam
755 1701 868 1771 partem
892 1693 1011 1766 adierat,
1042 1712 1078 1752 ex
1112 1693 1147 1752 iis
1181 1693 1368 1763 lectionibus,

294 1795 401 1872 quibus
424 1792 581 1853 Petraroha
606 1793 712 1866 utitur,
743 1795 856 1855 facilius
879 1796 1018 1856 constitui
1042 1805 1147 1875 potest,
1183 1796 1270 1874 quale
1305 1799 1368 1857 eius

296 1896 484 1978 apographon
504 1897 601 1957 luerit.
638 1896 823 1957 Editiouibus
853 1900 964 1959 utimur
989 1919 1004 1959 a
1031 1899 1210 1960 Schneidero
1232 1920 1259 1960 a.
1286 1899 1368 1961 1827

296 2013 366 2062 eta
401 1999 568 2062 Razzoliuio
602 2019 627 2059 a.
654 1998 735 2060 1879
767 2003 889 2068 curatis;
924 2002 1070 2081 posterior
1104 2002 1193 2063 editio
1224 2003 1368 2064 lectiones

295 2105 431 2165 codicum
460 2123 520 2163 uon
549 2105 652 2176 adfert,
681 2104 769 2164 habet
796 2124 864 2165 vero
893 2106 1055 2165 versionem
1085 2105 1194 2184 vulgari
1225 2106 1367 2167 ltalorum

298 2227 435 2269 sermone
462 2215 588 2268 exerrute
612 2207 684 2268 Xlll.
708 2210 823 2269 saeculo
845 2209 961 2268 factam.

385 2312 424 2383 Is,
448 2312 494 2371 cui
523 2329 632 2390 paucae
655 2310 795 2371 lectiones
824 2320 941 2391 praesto
969 2319 1039 2371 suut
1072 2310 1107 2370 ad
1142 2312 1269 2390 aliquam
1306 2332 1366 2373 rem

296 2414 566 2486 demonstrandam,
605 2413 767 2474 rectissime
802 2431 862 2473 rem
897 2413 937 2474 ita
970 2423 1044 2492 aget,
1083 2423 1116 2475 ut
1153 2415 1223 2475 istas
1262 2435 1367 2496 paucas

298 2519 437 2580 lectiones
461 2519 490 2577 in
515 2517 606 2577 bonas
631 2526 659 2577 et
682 2518 773 2578 malas
796 2527 825 2577 et
849 2516 958 2578 medias
981 2518 1165 2578 neutralesve
1185 2555 1227 2563 —
1243 2520 1368 2582 barbaro

297 2623 375 2683 euim
387 2621 476 2682 verbo
490 2621 533 2681 uti
546 2640 606 2681 non
619 2639 781 2699 numquam
794 2619 863 2680 licet
875 2655 914 2663 —
928 2619 1076 2681 discribat.
1103 2621 1204 2700 ltaque
1216 2642 1282 2697 uos,
1299 2643 1366 2685 cum

296 2745 356 2786 uou
365 2725 466 2785 multis
479 2724 550 2784 locis
564 2724 605 2784 uti
618 2723 711 2793 liceat,
725 2724 854 2803 primum
869 2725 1016 2784 neutrales
1025 2725 1069 2784 vel
1079 2723 1366 2792 mediaslectiones*l

299 2828 475 2898 adferemus,
500 2827 518 2887 i.
535 2846 559 2887 e.
586 2828 656 2888 tales
680 2827 830 2899 lectiones
853 2827 883 2887 iu
907 2828 1015 2906 quibus
1038 2828 1178 2906 eligendis
1205 2830 1366 2890 aestimau-

300 2931 403 3007 disque
427 2949 522 3008 neque
545 2930 687 2991 iudicium
710 2949 806 3009 neque
828 2930 931 3009 peritia
952 2931 1068 3008 liuguae
1091 2930 1210 2994 Latinae
1233 2934 1323 2993 valet:

389 3033 453 3093 Vlll
472 3034 519 3106 11,
540 3033 619 3094 1-3
637 3054 651 3094 a
666 3033 824 3095 Petra1·oha
840 3035 1014 3095 adferuntur
1029 3035 1058 3094 iu
1075 3034 1131 3095 vita
1149 3035 1280 3096 Caesaris
1305 3056 1365 3116 cap.

298 3136 351 3196 XX
376 3135 449 3210 §23
474 3141 513 3217 (p.
531 3137 592 3197 too
616 3157 680 3216 squ.
705 3139 749 3198 ed.
767 3137 873 3215 Ram).
905 3138 956 3211 §2
977 3149 1073 3216 pontes
1093 3140 1174 3217 foros
1196 3143 1229 3199 in
1251 3139 1365 3202 ltaliam

298 3250 428 3302 carnotus
465 3240 606 3302 adducore
643 3241 731 3313 Petu,
767 3241 798 3314 E,
812 3240 846 3314 Ο,
860 3240 900 3301 R:
933 3252 1028 3320 pentes
1059 3242 1141 3320 feros
1174 3255 1304 3305 armatos
1336 3248 1365 3304 in

298 3342 412 3405 ltaliam
435 3345 576 3405 adducore
599 3344 633 3404 lt.
673 3380 711 3387 -
747 3344 785 3404 lX
801 3344 886 3417 7c‚2
911 3345 1003 3419 (Caes.
1026 3363 1051 3404 c.
1067 3344 1121 3404 XX
1143 3344 1235 3419 §433
1258 3367 1287 3426 p.
1305 3347 1363 3408 478

298 3448 343 3508 ed.
368 3446 463 3522 llam.)
493 3446 555 3509 lom
577 3449 632 3509 dno
653 3450 795 3528 praefecti
813 3453 942 3527 portiom
964 3449 1078 3527 Pmnpoi
1099 3448 1188 3518 Petu,
1218 3446 1261 3509 13²
1286 3463 1363 3519 tuam

298 3552 336 3611 Ε1
359 3552 538 3630 praesectum
561 3553 733 3632 deprehendi
756 3598 835 3611 ....
858 3553 877 3631 s
895 3552 978 3613 boum
1000 3553 1117 3631 Pompei
1131 3552 1255 3626 omisit),
1280 3555 1315 3627 0,
1328 3554 1364 3624 ll;

299 3666 400 3715 contra
420 3657 601 3735 praesectum
625 3657 744 3730 solorum
768 3654 883 3735 Pompei
903 3656 945 3727 M3
974 3656 1068 3715 versio
1091 3655 1201 3716 italica:
1233 3656 1287 3719 Gid
1313 3659 1363 3719 dno

295 3761 414 3840 presciti
435 3758 510 3819 dello
528 3769 612 3836 porto
636 3759 668 3819 di
688 3758 817 3837 Pompoo.
863 3758 992 3836 Utraque
1026 3759 1111 3820 lectio
1146 3760 1273 3838 genuina
1303 3781 1364 3822 esse

368 3982 389 4038 *t
409 3982 461 4030 Eae
480 3981 614 4042 lectiones,
633 3996 694 4045 quus
714 3981 804 4031 dubias
823 3997 880 4030 esse
902 3999 945 4032 uos
964 3998 997 4032 ex
1010 3984 1161 4034 Schneideri
1180 3993 1208 4035 ot
1221 3986 1363 4038 Razzoliuii

299 4069 453 4117 editionibus
472 4065 654 4130 intellegimus,
673 4068 832 4117 omittuntur.
