2866 4626
532 243 842 306 ..13ss

152 429 183 481 et
209 420 243 493 Q.
272 419 456 492 Fratrem,
493 421 792 494 emendationes,
828 439 869 482 ac
899 421 1151 500 suspiciones.
1179 457 1220 466 ·-

153 524 313 605 blalaspina
330 523 375 584 vel
390 523 565 605 Malaespiua
589 525 640 600 (ita
657 525 734 587 enim
752 543 861 587 nomeu
883 525 1022 587 omuibus
1045 526 1109 588 eius
1131 526 1220 587 libelli

151 627 224 689 locis
247 626 425 707 impressum
449 628 507 706 est)
531 628 601 690 baec
624 628 741 690 scribit:

240 729 386 793 ‘Uadeca‘m
408 749 474 793 aera
498 731 573 810 (scil.
596 731 700 811 libros)
722 733 881 796 habuimus.
915 752 952 795 ear
979 734 1079 814 quibus
1101 736 1220 813 pirisque

154 854 218 896 carm
240 835 358 914 culpata
373 834 499 897 Munatii
519 845 602 916 atalae
617 840 701 898 etiam
722 835 837 900 Victorii
857 839 984 908 editione,
1009 837 1219 916 dilipeutissime

153 941 344 1018 calefaceret,
378 958 397 999 a
423 939 585 1001 carceribus
607 950 640 1001 ut
662 940 718 1002 dici
738 942 819 1013 solet,
854 943 890 1003 ad
917 941 1020 1002 calcem
1042 960 1131 1020 usque
1149 959 1218 1020 pcr-

154 1047 314 1104 currimus:
325 1061 424 1122 aempe
436 1042 462 1103 F
462 1047 544 1104 cerui
555 1043 637 1105 daras:
650 1063 770 1124 patarum
783 1065 883 1117 uurtm,
896 1045 1057 1107 Romanum
1070 1043 1221 1123 ememplar

153 1146 300 1227 appellare
322 1147 410 1218 soleo,
439 1148 514 1227 arrad
541 1148 592 1209 suh
619 1150 650 1210 id
677 1158 783 1228 tempus
805 1147 911 1210 Romae
934 1153 1100 1228 impressum
1122 1148 1220 1226 fuerit,

153 1267 209 1330 pua
240 1250 308 1311 hacc
329 1255 403 1331 typis
424 1251 584 1312 eacudaadi
610 1270 666 1323 ars,
702 1253 838 1314 divinitus
867 1263 907 1314 est
934 1257 1063 1314 inuento:
1097 1250 1218 1312 alterum

154 1351 264 1414 Faarui
294 1357 381 1434 ipsius
413 1353 534 1416 nomiae'
569 1357 636 1432 (nos
671 1371 737 1412 erim
774 1351 903 1412 codicem
932 1351 954 1411 F
988 1371 1054 1414 carm
1083 1353 1220 1415 Wesenb.

155 1456 394 1536 appellabimus),
425 1459 517 1520 ‘ualde
542 1459 665 1539 probum
693 1467 719 1518 et
741 1458 905 1534 aitti'puum:
929 1474 997 1535 praes
1026 1459 1122 1520 arabas
1145 1460 1221 1537 apud

156 1578 202 1622 eos
224 1579 282 1622 esse
304 1557 440 1629 arbitror,
464 1561 513 1637 qai
533 1558 672 1619 librorum
686 1561 775 1637 ipsius
788 1560 910 1637 fueruat
924 1559 1045 1622 heredes.
1083 1561 1222 1625 Grtidom's

156 1663 248 1743 Lalpii
268 1668 334 1725 item
361 1664 446 1724 daras:
481 1680 572 1722 aticum
604 1681 693 1722 mareu
716 1660 812 1741 Pappii
831 1660 994 1725 Floreutiai
1019 1663 1073 1746 (ita
1095 1671 1169 1728 euim
1191 1670 1221 1728 ia

156 1769 213 1848 fiae
236 1769 305 1830 libri
325 1764 441 1847 lepitur)
467 1765 646 1845 descriptum,
671 1765 848 1826 obeditione
875 1763 1000 1837 Victorii,
1029 1772 1086 1830 siue
1112 1769 1220 1831 Graeca

155 1876 213 1933 sive
235 1869 336 1933 Latina
357 1879 468 1949 spectes,
491 1887 549 1930 aaa
571 1886 741 1948 mapaopere
758 1869 915 1930 diversum:
938 1870 1061 1933 alterum
1083 1877 1220 1934 recentia-

155 1994 226 2045 rem,
249 1993 331 2056 quem
354 1974 459 2034 librum
475 1970 564 2052 lolpii
583 1972 694 2052 ubique,
717 1983 750 2032 ut
771 1973 854 2034 illum
870 1973 968 2054 Pappia·
982 1993 1059 2036 uoco.
1084 1994 1152 2057 patos
1174 1981 1224 2057 qui

156 2078 231 2140 aolet
255 2075 301 2157 (ea
323 2086 362 2138 est
385 2076 506 2137 hominis
520 2073 694 2155 humanitas)
717 2076 860 2138 arbitratu
883 2096 934 2138 sua
949 2083 1053 2156 poterit
1075 2083 1219 2159 inspicere.

158 2182 297 2254 Qm'ntum
313 2200 327 2241 e
341 2179 512 2241 Bibliotheca
529 2179 670 2241 Domiaim'
686 2179 818 2242 Grimaai
832 2179 995 2243 Carda'ualis
1011 2187 1111 2263 accepi,
1136 2203 1219 2265 param

152 2290 199 2345 vir
221 2285 270 2345 ille
292 2284 437 2346 clarusci
459 2302 588 2363 mapuus,
616 2288 646 2344 ia
668 2287 772 2345 uostris
795 2284 910 2345 aedibus
925 2283 1104 2347 Antouaaais’
1128 2287 1217 2366 (but.

153 2406 223 2448 cum
239 2386 375 2448 Wesenb.
400 2387 479 2448 bunc
500 2386 607 2447 librum
633 2387 834 2461 nominamus)
859 2388 991 2448 ‘Venetiis
1013 2391 1219 2470 exaedificavit,

153 2494 332 2572 omniumque
356 2491 497 2552 librorum
520 2494 598 2569 capia
621 2501 647 2551 et
668 2495 804 2552 uarietate
826 2495 966 2552 iustrumit
988 2502 1070 2572 atqtte
1093 2499 1219 2555 orreaait:

154 2599 358 2676 quaeramini
378 2595 477 2656 clausu
498 2605 546 2664 est,
570 2599 690 2656 ittoisere
713 2597 826 2656 voletati.
871 2594 930 2656 Hos
960 2613 1025 2675 erpo
1049 2601 1167 2678 pariaque
1190 2602 1220 2658 iu

149 2709 287 2779 potestate
310 2699 404 2769 habui,
427 2709 550 2780 totosque
573 2719 636 2761 cum
660 2703 721 2760 totis
743 2698 907 2777 syllabatim
927 2699 1125 2781 fastidioseque
1150 2720 1219 2762 can—

153 2802 221 2863 tuli:
243 2801 368 2882 reliquas
382 2821 442 2872 sem,
466 2803 539 2882 quod
553 2803 640 2864 nihilo
660 2805 790 2864 aetatiores
813 2803 1025 2882 comperiebam,
1046 2822 1100 2882 pro
1121 2813 1153 2864 ui
1174 2823 1220 2865 res

153 2905 228 2975 tulit,
253 2907 384 2967 consului
401 2909 496 2985 patius
517 2907 680 2986 aliquando,
705 2927 789 2988 prtum
806 2905 862 2986 lapi
868 2925 876 2966 :
900 2910 931 2967 iu
953 2907 1053 2986 quihus
1073 2916 1130 2967 tres
1151 2908 1220 2985 fue-

152 3018 222 3069 rum
249 3009 404 3069 doctissimi
429 3013 488 3070 viri
511 3009 689 3072 bernardini
708 3009 810 3090 Maffei
834 3008 1013 3079 Cardiaalis,
1042 3027 1110 3089 paras
1133 3028 1220 3088 peaes

152 3110 266 3174 heredes
281 3114 407 3192 reperire
421 3111 498 3174 licet:
514 3133 591 3174 araus
611 3113 776 3175 Gardiualis
790 3112 859 3173 mei'
876 3112 950 3187 (scil.
965 3112 1073 3174 Nicolai
1090 3112 1218 3187 Rodulir3

152 3233 208 3275 nos
230 3215 349 3288 librum,
373 3233 459 3293 quem
481 3214 545 3277 Mal.
569 3235 635 3278 raro
658 3217 762 3287 adfert,
786 3217 882 3278 Gard.
906 3216 1139 3297 appellabimus),
1164 3221 1222 3297 ‘arti

151 3329 217 3398 post
239 3320 345 3381 oba'tum
368 3318 454 3390 illius,
479 3340 542 3381 cum
565 3320 676 3401 reliqua
698 3324 867 3399 optimorum
883 3319 1023 3381 librorum
1047 3320 1218 3389 bibliotheca,

151 3426 183 3483 iu
210 3440 331 3483 maurim
364 3427 440 3484 veuit
471 3424 624 3486 clarissimi
653 3423 837 3502 imperatoris
868 3434 894 3485 et
919 3426 1074 3504 fortissimi
1100 3424 1220 3485 hominis

152 3524 231 3586 Petri
243 3524 373 3597 Strozae,
397 3546 455 3588 aaa
476 3532 573 3589 miuus
596 3527 692 3588 latinis
710 3532 873 3607 praedisque
890 3528 998 3598 litteris,
1022 3546 1107 3608 quoru
1131 3530 1222 3587 animi

151 3631 358 3708 mapm'tudiae,
382 3650 438 3710 pua
461 3641 565 3692 ceteros
586 3633 742 3709 superauit,
765 3631 975 3708 praecellentis:
999 3651 1084 3712 quam
1107 3647 1218 3691 omnem

151 3731 356 3804 bibliothecam,
379 3735 465 3795 audio
480 3732 641 3814 Philippum
655 3733 758 3813 filium,
782 3753 844 3795 cum
863 3736 975 3815 reliqua
998 3754 1062 3796 cum
1080 3737 1219 3813 pecrmiu·

149 3856 220 3898 rum
243 3849 303 3899 tum
327 3841 465 3899 virtutum
484 3848 675 3917 paternarum
694 3837 847 3898 hereditate
863 3842 989 3900 crevisse.
1026 3836 1142 3916 lleh'pui
1163 3837 1219 3897 duo

151 3940 233 4011 libri,
262 3939 336 4002 alter
358 3943 435 4020 apud
459 3942 610 4004 Octauium
633 3941 840 4021 Pautapathum
863 3953 937 4012 erat,
967 3945 1046 4002 catius
1074 3939 1123 4000 ille
1151 3939 1221 4000 mihi

151 4048 276 4124 copiam,
310 4049 523 4125 quotiescunque
556 4046 646 4105 oolrii,
677 4045 754 4106 ultro
785 4047 870 4124 fecit:
905 4065 983 4125 quem
1007 4054 1102 4105 tamea
1125 4045 1217 4106 aiebat
