2866 4626
540 237 879 299 -113—

181 417 230 478 llis
264 417 293 476 in
328 417 423 489 notis,
457 435 530 494 quas
566 414 703 476 Graevius
736 414 767 474 in
800 412 940 475 addendis
974 413 1129 493 posteriori
1163 425 1243 476 tomo

179 519 310 592 subiecit,
344 519 448 579 Rosius
481 528 511 579 et
544 537 633 579 novas
667 518 851 579 coniecturas
884 516 979 578 adfert
1011 525 1041 577 et
1069 535 1184 578 errores
1212 516 1243 577 in

179 622 305 684 editione
327 621 501 684 commissos
524 621 644 701 corrigit
666 631 696 682 et
717 620 856 682 lectiones
881 639 917 682 ex
938 619 970 680 V.
987 619 1016 681 C.
1039 621 1143 696 adfert,
1166 622 1244 682 'fur-

181 726 330 786 nesianum
355 725 453 805 ipsum
477 744 537 786 non
559 725 702 786 nominat.

264 830 316 908 10)
340 829 370 889 V.
387 828 417 889 G.
435 827 535 889 Ptine.
571 829 703 908 Magnam
720 828 804 890 nobis
821 828 1069 909 exspectationem
1086 825 1244 888 movebant

182 951 223 1005 ea,
259 951 333 1010 quae
356 932 495 993 Graevius
528 932 558 992 in
592 936 683 1012 praef.
711 933 842 1013 scripsit:
875 930 1046 994 ‘Bernhardi
1079 929 1244 993 liberalitati

182 1035 271 1096 debeo
304 1045 420 1116 praeter
453 1036 523 1097 haec
560 1036 718 1098 editionem
753 1036 889 1098 Lambini
928 1037 1060 1098 omnium
1097 1033 1244 1096 Ciceronis

183 1158 302 1219 operum
326 1140 612 1218 Argentoratensem.
647 1160 735 1221 quam
765 1159 832 1202 cum
861 1140 953 1201 veteri
975 1138 1074 1202 codice
1097 1137 1245 1200 commisit

182 1237 196 1302 d
232 1239 323 1304 πάνυ
361 1243 466 1305 Petrus
504 1244 658 1318 Pithoeus’,
696 1264 791 1324 neque
827 1261 896 1304 vcro
933 1242 963 1303 in
1000 1242 1095 1322 ipsius
1132 1242 1246 1304 Graevii

183 1346 316 1407 editionis
346 1347 424 1407 notis
454 1357 505 1410 aut
535 1348 620 1409 variis
647 1347 821 1410 lectionibus
844 1355 896 1408 aut
917 1345 1058 1408 addendis
1086 1365 1101 1407 a
1125 1346 1246 1408 Graevio

183 1452 303 1511 certiora
341 1452 483 1530 quaedam
519 1471 553 1512 ex
587 1472 621 1512 eo
655 1452 730 1513 libro
763 1452 847 1513 allata
881 1469 946 1512 esse
979 1450 1123 1511 videbam.
1172 1450 1246 1512 Gum

185 1552 368 1615 bernhardus
390 1555 448 1627 ille,
483 1556 530 1616 cui
553 1575 584 1616 se
607 1555 690 1616 illum
713 1555 821 1616 librum
845 1555 951 1616 debere
974 1554 1113 1616 Graevius
1137 1551 1247 1624 scribit,

183 1662 329 1736 professor
352 1659 526 1721 Oxoniensis
550 1659 662 1732 fuisset,
686 1659 770 1720 initio
792 1658 900 1720 librum
925 1660 955 1721 in
978 1657 1080 1736 Anglia
1103 1675 1168 1717 esse
1190 1674 1247 1735 pu-

184 1760 292 1836 tabam;
320 1773 395 1842 post,
419 1782 486 1825 cum
510 1773 597 1826 notae
620 1764 683 1825 eius
706 1762 921 1837 reminiscerer,
945 1781 1034 1842 quam
1058 1759 1246 1822 balterus'in

183 1865 309 1927 editione
332 1866 483 1928 Turicensi
506 1881 574 1929 ante
597 1868 759 1929 orationem
782 1886 836 1947 pro
859 1867 963 1929 tlrchia
986 1865 1115 1928 habitam
1138 1865 1248 1945 posuit,

184 1969 211 2029 ‘P
226 1969 425 2031 :lectiones
456 1971 526 2031 aP.
544 1972 665 2033 l‘ithoeo
699 1972 734 2032 ad
769 1970 916 2051 margines
950 1969 1075 2050 exempli
1109 1968 1247 2031 editionis

184 2073 390 2136 Lambinianae
404 2094 429 2135 a.
446 2075 535 2148 1581,
557 2077 635 2155 quod
653 2086 748 2137 exstat
763 2077 793 2136 in
810 2075 983 2137 bibliotheca
1001 2073 1247 2152 lleidelbergensi,

183 2177 354 2258 adscriptae.
389 2178 460 2239 Post
476 2180 629 2240 Graevium
656 2182 762 2241 iterum
786 2179 941 2259 exscripsit
957 2177 1097 2240 llalmius’
1120 2195 1248 2257 cumque

183 2281 203 2341 P
230 2283 335 2362 quanti
368 2291 467 2344 essent
499 2284 528 2343 in
559 2303 591 2344 ea
620 2284 750 2345 oratione
778 2283 928 2363 cognitum
952 2282 1100 2352 haberem,
1136 2280 1248 2359 Zange-

184 2387 353 2447 meisterum
388 2387 484 2447 virum
512 2387 725 2460 doctissimum,
757 2388 808 2468 qui
835 2387 877 2448 illi
905 2385 1097 2448 bibliothecae
1123 2391 1248 2464 praeest,

183 2490 289 2568 rogavi,
319 2499 354 2550 ut
380 2509 446 2550 eum
470 2489 588 2563 librum,
616 2492 667 2571 qni
694 2491 835 2572 epistulas
862 2492 897 2553 ad
921 2489 1049 2552 Atticum
1073 2487 1247 2558 contineret,

186 2593 256 2652 milri
278 2593 445 2655 berolinum
479 2595 653 2657 mittendum
685 2606 815 2668 curaret3
848 2594 960 2673 roganti
993 2593 1036 2653 vir
1066 2589 1248 2653 clarissimus

183 2697 267 2776 plane
290 2697 361 2757 satis
384 2696 451 2757 fecit
473 2716 568 2776 neque
591 2698 686 2758 solum
711 2717 813 2771 unum,
838 2698 887 2759 sed
911 2715 1014 2758 omnes
1031 2696 1094 2758 eius
1110 2693 1246 2757 editionis

183 2802 273 2863 libros
290 2800 380 2861 misit.
419 2800 496 2873 Quid
511 2820 566 2861 nos
582 2801 792 2875 invenerimus,
807 2801 909 2881 paucis
924 2819 1116 2881 exponemus.
1153 2797 1250 2858 Editio

182 2907 446 2984 Argentoratensis,
468 2917 604 2986 utsupra
621 2926 649 2986 p.
662 2906 702 2967 90
719 2905 788 2975 dixi,
812 2925 892 2967 mera
908 2914 952 2966 est
967 2903 1102 2984 repetitio
1119 2903 1162 2963 ed.
1176 2903 1249 2963 alte-

184 3010 246 3071 rius
264 3010 479 3083 Lambinianae,
503 3030 578 3090 quae
598 3010 705 3091 prodiit
727 3030 752 3071 a.
774 3010 920 3085 15723111
944 3008 1075 3085 margine
1098 3007 1161 3067 eius
1183 3004 1250 3065 libri

184 3115 325 3175 Pithoeus
350 3116 456 3176 multas
478 3115 661 3177 coniecturas
684 3115 840 3195 adscripsit
861 3115 904 3175 vel
920 3132 988 3174 suas
1004 3113 1048 3173 vel
1064 3110 1248 3190 llalaspinae,

186 3218 319 3291 Victorii,
352 3218 490 3292 aliorum3
520 3219 597 3281 idem
627 3220 734 3281 librum
763 3239 823 3281 non
851 3229 909 3280 tam
939 3237 1006 3279 cum
1031 3216 1130 3277 codice
1151 3213 1249 3292 aliquo

183 3323 310 3385 contulit
330 3342 416 3402 quam
442 3342 500 3384 non
525 3324 613 3386 nullis
629 3325 700 3386 locis
723 3332 752 3384 et
775 3333 887 3385 textum
908 3332 937 3384 et
952 3322 1101 3394 lectiones,
1125 3318 1249 3399 quaein

185 3427 319 3504 margine
346 3436 428 3499 sunt,
463 3447 498 3487 ex
521 3428 602 3489 libris
625 3428 777 3508 impressis
802 3428 840 3488 ita
863 3425 1061 3495 confirmavit,
1094 3433 1128 3484 ut
1150 3422 1181 3483 V.
1206 3420 1251 3480 vel

186 3529 248 3590 Vet.
273 3530 319 3590 vel
342 3530 372 3590 V.
390 3529 420 3590 G.
444 3531 580 3592 adiceret.
614 3532 686 3603 Quis
709 3532 763 3592 iste
781 3532 811 3591 V.
835 3533 880 3592 vel
902 3533 961 3591 let.
987 3529 1030 3588 vel
1050 3529 1080 3587 V.
1099 3526 1129 3586 G.
1153 3523 1249 3593 fuerit,

185 3652 248 3694 non
270 3632 354 3693 facilc
377 3652 437 3694 uno
453 3654 571 3714 quoque
586 3635 649 3695 loco
666 3635 850 3707 diiudicatur,
874 3635 950 3713 quod
974 3632 1141 3710 complures
1161 3627 1251 3688 libros

185 3735 343 3797 Pithoeum
368 3736 529 3818 inspexisse
552 3748 680 3819 apparet.

274 3840 389 3911 itas
416 3843 645 3912 retroductt’ones,
673 3842 750 3921 quod
775 3841 803 3900 in
828 3848 909 3901 textu
932 3846 986 3907 est,
1016 3836 1154 3897 l‘ithoeus
1177 3831 1251 3892 linea

185 3943 332 4004 subduxit
353 3955 382 4003 et
404 3945 559 4025 adscripsit
582 3947 632 4006 ‘sic
653 3946 684 4004 V.
701 3945 731 4005 G.
756 3944 813 4015 (vel
832 3944 865 4002 V.
879 3942 927 4010 0.)
951 3938 1088 4019 lllalesp.'‚
1111 3944 1198 4015 atque
1221 3953 1253 3994 re

186 4066 254 4107 vera
273 4047 428 4128 lllalaspiua
452 4051 671 4112 introductiones
694 4050 721 4109 iu
747 4038 968 4108 omuilms'suis
992 4061 1055 4104 csse
1075 4039 1252 4109 adfirmarim

246 4147 366 4195 Lehmann,
382 4150 412 4189 tto
428 4150 471 4191 Cic.
487 4150 515 4192 orl
531 4157 575 4192 Art.
590 4150 698 4203 epistulis.
1075 4146 1091 4197 8
