<?xml version="1.0" encoding="UTF-8"?>
<!DOCTYPE html PUBLIC "-//W3C//DTD XHTML 1.0 Transitional//EN"
    "http://www.w3.org/TR/xhtml1/DTD/xhtml1-transitional.dtd">
<html xmlns="http://www.w3.org/1999/xhtml" xml:lang="en" lang="en">
 <head>
  <title>
</title>
<meta http-equiv="Content-Type" content="text/html;charset=utf-8" />
  <meta name='ocr-system' content='tesseract 3.04.00' />
  <meta name='ocr-capabilities' content='ocr_page ocr_carea ocr_par ocr_line ocrx_word'/>
</head>
<body>
  <div class='ocr_page' id='page_1' title='image "./deciceronisadat00lehmgoog_0203.png"; bbox 0 0 2866 4626; ppageno 0'>
   <div class='ocr_carea' id='block_1_1' title="bbox 636 771 1004 862">
    <p class='ocr_par' dir='ltr' id='par_1_1' title="bbox 636 771 1004 862">
     <span class='ocr_line' id='line_1_1' title="bbox 636 771 1004 862; baseline 0.011 -5"><span class='ocrx_word' id='word_1_1' title='bbox 636 771 890 857; x_wconf 81' lang='lat' dir='ltr'>CAPUT</span> <span class='ocrx_word' id='word_1_2' title='bbox 927 773 1004 862; x_wconf 85' lang='lat' dir='ltr'>IX.</span> 
     </span>
    </p>
   </div>
   <div class='ocr_carea' id='block_1_2' title="bbox 487 1126 1153 1191">
    <p class='ocr_par' dir='ltr' id='par_1_2' title="bbox 487 1126 1153 1191">
     <span class='ocr_line' id='line_1_2' title="bbox 487 1126 1153 1191; baseline 0.003 -3"><span class='ocrx_word' id='word_1_3' title='bbox 487 1126 537 1188; x_wconf 85' lang='lat' dir='ltr'>DE</span> <span class='ocrx_word' id='word_1_4' title='bbox 559 1127 638 1189; x_wconf 88' lang='lat' dir='ltr'>NON</span> <span class='ocrx_word' id='word_1_5' title='bbox 662 1126 799 1191; x_wconf 87' lang='lat' dir='ltr'>NULLlS</span> <span class='ocrx_word' id='word_1_6' title='bbox 822 1126 920 1190; x_wconf 82' lang='lat' dir='ltr'>dLllS</span> <span class='ocrx_word' id='word_1_7' title='bbox 943 1127 1153 1190; x_wconf 83' lang='lat' dir='ltr'>CODlClBUS.</span> 
     </span>
    </p>
   </div>
   <div class='ocr_carea' id='block_1_3' title="bbox 278 1256 1359 3510">
    <p class='ocr_par' dir='ltr' id='par_1_3' title="bbox 281 1256 1359 2682">
     <span class='ocr_line' id='line_1_3' title="bbox 371 1256 1359 1338; baseline 0.002 -20"><span class='ocrx_word' id='word_1_8' title='bbox 371 1257 403 1338; x_wconf 93' lang='grc'>1)</span> <span class='ocrx_word' id='word_1_9' title='bbox 429 1256 471 1318; x_wconf 86' lang='lat' dir='ltr'>Ile</span> <span class='ocrx_word' id='word_1_10' title='bbox 504 1257 654 1320; x_wconf 83' lang='lat' dir='ltr'>codicibus</span> <span class='ocrx_word' id='word_1_11' title='bbox 688 1258 875 1338; x_wconf 89' lang='lat' dir='ltr'>quibusdam,</span> <span class='ocrx_word' id='word_1_12' title='bbox 912 1257 964 1338; x_wconf 89' lang='lat' dir='ltr'>qui</span> <span class='ocrx_word' id='word_1_13' title='bbox 1002 1258 1071 1320; x_wconf 90' lang='lat' dir='ltr'>olim</span> <span class='ocrx_word' id='word_1_14' title='bbox 1109 1258 1139 1319; x_wconf 94' lang='lat' dir='ltr'>in</span> <span class='ocrx_word' id='word_1_15' title='bbox 1179 1257 1359 1322; x_wconf 78' lang='lat' dir='ltr'>bibliotheca</span> 
     </span>
     <span class='ocr_line' id='line_1_4' title="bbox 285 1360 1359 1442; baseline 0.001 -20"><span class='ocrx_word' id='word_1_16' title='bbox 285 1360 439 1423; x_wconf 87' lang='lat' dir='ltr'>Viscontea</span> <span class='ocrx_word' id='word_1_17' title='bbox 453 1361 548 1423; x_wconf 86' lang='lat' dir='ltr'>Ticini</span> <span class='ocrx_word' id='word_1_18' title='bbox 563 1362 693 1436; x_wconf 85' lang='lat' dir='ltr'>luerunt,</span> <span class='ocrx_word' id='word_1_19' title='bbox 709 1371 777 1442; x_wconf 91' lang='lat' dir='ltr'>post</span> <span class='ocrx_word' id='word_1_20' title='bbox 793 1360 991 1424; x_wconf 85' lang='lat' dir='ltr'>Detlelsenum</span> <span class='ocrx_word' id='word_1_21' title='bbox 1009 1361 1051 1441; x_wconf 89' lang='lat' dir='ltr'>(in</span> <span class='ocrx_word' id='word_1_22' title='bbox 1069 1379 1137 1422; x_wconf 86' lang='lat' dir='ltr'>ann.</span> <span class='ocrx_word' id='word_1_23' title='bbox 1153 1379 1170 1422; x_wconf 95' lang='lat' dir='ltr'>a</span> <span class='ocrx_word' id='word_1_24' title='bbox 1185 1361 1292 1422; x_wconf 86' lang='lat' dir='ltr'>Jahnio</span> <span class='ocrx_word' id='word_1_25' title='bbox 1307 1361 1359 1423; x_wconf 92' lang='lat' dir='ltr'>in·</span> 
     </span>
     <span class='ocr_line' id='line_1_5' title="bbox 283 1463 1357 1546; baseline 0.002 -21"><span class='ocrx_word' id='word_1_26' title='bbox 283 1465 394 1526; x_wconf 86' lang='lat' dir='ltr'>stitutis</span> <span class='ocrx_word' id='word_1_27' title='bbox 408 1483 487 1526; x_wconf 88' lang='lat' dir='ltr'>anno</span> <span class='ocrx_word' id='word_1_28' title='bbox 504 1464 585 1528; x_wconf 86' lang='grc'>1863</span> <span class='ocrx_word' id='word_1_29' title='bbox 601 1484 630 1546; x_wconf 87' lang='lat' dir='ltr'>p.</span> <span class='ocrx_word' id='word_1_30' title='bbox 647 1463 722 1545; x_wconf 82' lang='lat'>558)</span> <span class='ocrx_word' id='word_1_31' title='bbox 739 1467 831 1528; x_wconf 86' lang='lat' dir='ltr'>multa</span> <span class='ocrx_word' id='word_1_32' title='bbox 847 1465 883 1529; x_wconf 90' lang='grc'>0.</span> <span class='ocrx_word' id='word_1_33' title='bbox 898 1465 930 1529; x_wconf 84' lang='grc' dir='ltr'>Ε.</span> <span class='ocrx_word' id='word_1_34' title='bbox 947 1464 1130 1528; x_wconf 88' lang='lat' dir='ltr'>Schmidtius</span> <span class='ocrx_word' id='word_1_35' title='bbox 1144 1463 1214 1526; x_wconf 88' lang='lat' dir='ltr'>inde</span> <span class='ocrx_word' id='word_1_36' title='bbox 1230 1482 1247 1526; x_wconf 94' lang='lat' dir='ltr'>a</span> <span class='ocrx_word' id='word_1_37' title='bbox 1266 1483 1297 1544; x_wconf 88' lang='lat' dir='ltr'>p.</span> <span class='ocrx_word' id='word_1_38' title='bbox 1314 1464 1357 1527; x_wconf 88' lang='grc'>46</span> 
     </span>
     <span class='ocr_line' id='line_1_6' title="bbox 283 1566 1354 1649; baseline 0.003 -22"><span class='ocrx_word' id='word_1_39' title='bbox 283 1567 444 1648; x_wconf 88' lang='lat' dir='ltr'>disputarit</span> <span class='ocrx_word' id='word_1_40' title='bbox 457 1568 541 1649; x_wconf 86' lang='lat' dir='ltr'>isque</span> <span class='ocrx_word' id='word_1_41' title='bbox 556 1578 635 1631; x_wconf 87' lang='lat' dir='ltr'>recte</span> <span class='ocrx_word' id='word_1_42' title='bbox 657 1568 778 1644; x_wconf 83' lang='lat' dir='ltr'>invenit,</span> <span class='ocrx_word' id='word_1_43' title='bbox 801 1569 933 1649; x_wconf 89' lang='lat' dir='ltr'>primum</span> <span class='ocrx_word' id='word_1_44' title='bbox 949 1587 1053 1632; x_wconf 84' lang='lat' dir='ltr'>eorum</span> <span class='ocrx_word' id='word_1_45' title='bbox 1076 1567 1223 1642; x_wconf 88' lang='lat' dir='ltr'>codicum,</span> <span class='ocrx_word' id='word_1_46' title='bbox 1246 1566 1298 1647; x_wconf 87' lang='lat' dir='ltr'>qui</span> <span class='ocrx_word' id='word_1_47' title='bbox 1322 1566 1354 1630; x_wconf 91' lang='lat' dir='ltr'>in</span> 
     </span>
     <span class='ocr_line' id='line_1_7' title="bbox 283 1670 1356 1754; baseline -0.001 -21"><span class='ocrx_word' id='word_1_48' title='bbox 283 1672 412 1753; x_wconf 85' lang='lat' dir='ltr'>catalogo</span> <span class='ocrx_word' id='word_1_49' title='bbox 427 1681 547 1735; x_wconf 85' lang='lat' dir='ltr'>notator</span> <span class='ocrx_word' id='word_1_50' title='bbox 568 1691 598 1734; x_wconf 89' lang='lat' dir='ltr'>n.</span> <span class='ocrx_word' id='word_1_51' title='bbox 615 1672 677 1735; x_wconf 89' lang='grc'>610</span> <span class='ocrx_word' id='word_1_52' title='bbox 701 1681 789 1753; x_wconf 89' lang='lat' dir='ltr'>atque</span> <span class='ocrx_word' id='word_1_53' title='bbox 805 1672 909 1754; x_wconf 83' lang='lat' dir='ltr'>incipit</span> <span class='ocrx_word' id='word_1_54' title='bbox 929 1692 946 1735; x_wconf 90' lang='lat' dir='ltr'>a</span> <span class='ocrx_word' id='word_1_55' title='bbox 963 1672 1059 1746; x_wconf 82' lang='lat' dir='ltr'>Quom</span> <span class='ocrx_word' id='word_1_56' title='bbox 1078 1670 1356 1752; x_wconf 80' lang='lat' dir='ltr'>contemplationem,</span> 
     </span>
     <span class='ocr_line' id='line_1_8' title="bbox 283 1773 1355 1856; baseline -0.001 -19"><span class='ocrx_word' id='word_1_57' title='bbox 283 1794 319 1837; x_wconf 88' lang='lat' dir='ltr'>ex</span> <span class='ocrx_word' id='word_1_58' title='bbox 331 1795 377 1856; x_wconf 91' lang='lat' dir='ltr'>ep.</span> <span class='ocrx_word' id='word_1_59' title='bbox 394 1776 430 1838; x_wconf 86' lang='lat' dir='ltr'>ad</span> <span class='ocrx_word' id='word_1_60' title='bbox 443 1777 490 1837; x_wconf 91' lang='lat' dir='ltr'>Br.</span> <span class='ocrx_word' id='word_1_61' title='bbox 502 1775 529 1837; x_wconf 94' lang='lat' dir='ltr'>ll</span> <span class='ocrx_word' id='word_1_62' title='bbox 541 1776 603 1850; x_wconf 79' lang='grc'>7,6</span> <span class='ocrx_word' id='word_1_63' title='bbox 621 1776 705 1856; x_wconf 87' lang='lat'>(115,</span> <span class='ocrx_word' id='word_1_64' title='bbox 721 1777 740 1838; x_wconf 83' lang='lat'>6</span> <span class='ocrx_word' id='word_1_65' title='bbox 756 1776 801 1838; x_wconf 90' lang='lat' dir='ltr'>ed.</span> <span class='ocrx_word' id='word_1_66' title='bbox 813 1776 965 1854; x_wconf 89' lang='lat' dir='ltr'>Wesenb.)</span> <span class='ocrx_word' id='word_1_67' title='bbox 982 1775 1084 1839; x_wconf 85' lang='lat' dir='ltr'>ultima</span> <span class='ocrx_word' id='word_1_68' title='bbox 1099 1776 1188 1838; x_wconf 86' lang='lat' dir='ltr'>verba</span> <span class='ocrx_word' id='word_1_69' title='bbox 1203 1773 1355 1850; x_wconf 88' lang='lat' dir='ltr'>babuisse,</span> 
     </span>
     <span class='ocr_line' id='line_1_9' title="bbox 283 1878 1357 1962; baseline 0.001 -21"><span class='ocrx_word' id='word_1_70' title='bbox 283 1879 404 1941; x_wconf 89' lang='lat' dir='ltr'>tertium</span> <span class='ocrx_word' id='word_1_71' title='bbox 428 1899 457 1941; x_wconf 92' lang='lat' dir='ltr'>n.</span> <span class='ocrx_word' id='word_1_72' title='bbox 482 1879 556 1953; x_wconf 80' lang='lat'>857,</span> <span class='ocrx_word' id='word_1_73' title='bbox 589 1879 640 1959; x_wconf 91' lang='lat' dir='ltr'>qui</span> <span class='ocrx_word' id='word_1_74' title='bbox 678 1878 842 1961; x_wconf 90' lang='lat' dir='ltr'>appellatur</span> <span class='ocrx_word' id='word_1_75' title='bbox 873 1878 959 1944; x_wconf 79' lang='lat' dir='ltr'>Liber</span> <span class='ocrx_word' id='word_1_76' title='bbox 989 1899 1068 1944; x_wconf 82' lang='lat' dir='ltr'>ursus</span> <span class='ocrx_word' id='word_1_77' title='bbox 1099 1878 1287 1962; x_wconf 65' lang='lat' dir='ltr'>epistolarum</span> <span class='ocrx_word' id='word_1_78' title='bbox 1317 1880 1357 1942; x_wconf 85' lang='lat' dir='ltr'>ed</span> 
     </span>
     <span class='ocr_line' id='line_1_10' title="bbox 283 1981 1353 2065; baseline 0.001 -21"><span class='ocrx_word' id='word_1_79' title='bbox 283 1981 448 2047; x_wconf 78' lang='lat' dir='ltr'>Ciceronem</span> <span class='ocrx_word' id='word_1_80' title='bbox 471 1984 598 2054; x_wconf 80' lang='lat' dir='ltr'>drotum,</span> <span class='ocrx_word' id='word_1_81' title='bbox 620 2002 681 2045; x_wconf 90' lang='lat' dir='ltr'>non</span> <span class='ocrx_word' id='word_1_82' title='bbox 706 1983 794 2045; x_wconf 90' lang='lat' dir='ltr'>modo</span> <span class='ocrx_word' id='word_1_83' title='bbox 816 1983 864 2045; x_wconf 87' lang='lat' dir='ltr'>l.l</span> <span class='ocrx_word' id='word_1_84' title='bbox 886 2002 952 2065; x_wconf 89' lang='lat' dir='ltr'>epp.</span> <span class='ocrx_word' id='word_1_85' title='bbox 968 1985 1005 2047; x_wconf 94' lang='lat' dir='ltr'>ad</span> <span class='ocrx_word' id='word_1_86' title='bbox 1028 1983 1163 2058; x_wconf 86' lang='lat' dir='ltr'>Brutum,</span> <span class='ocrx_word' id='word_1_87' title='bbox 1187 1984 1239 2046; x_wconf 87' lang='lat' dir='ltr'>sed</span> <span class='ocrx_word' id='word_1_88' title='bbox 1261 1982 1353 2046; x_wconf 86' lang='lat' dir='ltr'>etiam</span> 
     </span>
     <span class='ocr_line' id='line_1_11' title="bbox 283 2079 1353 2166; baseline 0.004 -20"><span class='ocrx_word' id='word_1_89' title='bbox 283 2105 347 2166; x_wconf 86' lang='lat' dir='ltr'>epp.</span> <span class='ocrx_word' id='word_1_90' title='bbox 364 2085 398 2147; x_wconf 87' lang='lat' dir='ltr'>ad</span> <span class='ocrx_word' id='word_1_91' title='bbox 416 2086 544 2149; x_wconf 77' lang='lat' dir='ltr'>Atticum</span> <span class='ocrx_word' id='word_1_92' title='bbox 561 2086 652 2149; x_wconf 90' lang='lat' dir='ltr'>libros</span> <span class='ocrx_word' id='word_1_93' title='bbox 667 2105 726 2149; x_wconf 90' lang='lat' dir='ltr'>non</span> <span class='ocrx_word' id='word_1_94' title='bbox 746 2086 844 2150; x_wconf 86' lang='lat' dir='ltr'>nullos</span> <span class='ocrx_word' id='word_1_95' title='bbox 859 2086 950 2149; x_wconf 87' lang='lat' dir='ltr'>rideri</span> <span class='ocrx_word' id='word_1_96' title='bbox 962 2079 1114 2150; x_wconf 85' lang='lat' dir='ltr'>babuisse.</span> <span class='ocrx_word' id='word_1_97' title='bbox 1151 2086 1208 2160; x_wconf 85' lang='lat' dir='ltr'>Qui</span> <span class='ocrx_word' id='word_1_98' title='bbox 1224 2087 1353 2162; x_wconf 78' lang='lat' dir='ltr'>codices,</span> 
     </span>
     <span class='ocr_line' id='line_1_12' title="bbox 282 2189 1351 2272; baseline 0.002 -22"><span class='ocrx_word' id='word_1_99' title='bbox 282 2190 308 2251; x_wconf 90' lang='lat' dir='ltr'>si</span> <span class='ocrx_word' id='word_1_100' title='bbox 335 2189 453 2269; x_wconf 91' lang='lat' dir='ltr'>quidem</span> <span class='ocrx_word' id='word_1_101' title='bbox 484 2208 539 2252; x_wconf 90' lang='lat' dir='ltr'>nos</span> <span class='ocrx_word' id='word_1_102' title='bbox 566 2201 645 2253; x_wconf 89' lang='lat' dir='ltr'>recte</span> <span class='ocrx_word' id='word_1_103' title='bbox 671 2211 700 2272; x_wconf 90' lang='lat' dir='ltr'>p.</span> <span class='ocrx_word' id='word_1_104' title='bbox 718 2189 776 2252; x_wconf 88' lang='lat'>131</span> <span class='ocrx_word' id='word_1_105' title='bbox 807 2189 987 2252; x_wconf 88' lang='lat' dir='ltr'>coniecimus</span> <span class='ocrx_word' id='word_1_106' title='bbox 1013 2189 1038 2251; x_wconf 87' lang='lat' dir='ltr'>Y</span> <span class='ocrx_word' id='word_1_107' title='bbox 1065 2209 1131 2271; x_wconf 86' lang='lat' dir='ltr'>epp.</span> <span class='ocrx_word' id='word_1_108' title='bbox 1159 2190 1194 2252; x_wconf 91' lang='lat' dir='ltr'>ad</span> <span class='ocrx_word' id='word_1_109' title='bbox 1219 2190 1351 2255; x_wconf 78' lang='lat' dir='ltr'>Atticum</span> 
     </span>
     <span class='ocr_line' id='line_1_13' title="bbox 283 2291 1351 2373; baseline 0.004 -21"><span class='ocrx_word' id='word_1_110' title='bbox 283 2291 375 2354; x_wconf 82' lang='lat' dir='ltr'>libros</span> <span class='ocrx_word' id='word_1_111' title='bbox 409 2292 472 2353; x_wconf 84' lang='lat' dir='ltr'>XVl</span> <span class='ocrx_word' id='word_1_112' title='bbox 511 2292 657 2368; x_wconf 85' lang='lat' dir='ltr'>babuisse,</span> <span class='ocrx_word' id='word_1_113' title='bbox 693 2312 759 2373; x_wconf 86' lang='lat' dir='ltr'>epp.</span> <span class='ocrx_word' id='word_1_114' title='bbox 787 2294 822 2355; x_wconf 92' lang='lat' dir='ltr'>ad</span> <span class='ocrx_word' id='word_1_115' title='bbox 849 2293 906 2366; x_wconf 85' lang='lat' dir='ltr'>Qu.</span> <span class='ocrx_word' id='word_1_116' title='bbox 929 2293 965 2354; x_wconf 85' lang='lat' dir='ltr'>fr.</span> <span class='ocrx_word' id='word_1_117' title='bbox 993 2301 1023 2356; x_wconf 90' lang='lat' dir='ltr'>et</span> <span class='ocrx_word' id='word_1_118' title='bbox 1055 2294 1092 2356; x_wconf 92' lang='lat' dir='ltr'>ad</span> <span class='ocrx_word' id='word_1_119' title='bbox 1127 2294 1252 2356; x_wconf 89' lang='lat' dir='ltr'>Brutum</span> <span class='ocrx_word' id='word_1_120' title='bbox 1291 2312 1351 2356; x_wconf 89' lang='lat' dir='ltr'>uon</span> 
     </span>
     <span class='ocr_line' id='line_1_14' title="bbox 281 2394 1352 2480; baseline 0.002 -23"><span class='ocrx_word' id='word_1_121' title='bbox 281 2394 429 2470; x_wconf 87' lang='lat' dir='ltr'>babuisse,</span> <span class='ocrx_word' id='word_1_122' title='bbox 452 2394 483 2457; x_wconf 92' lang='lat' dir='ltr'>in</span> <span class='ocrx_word' id='word_1_123' title='bbox 500 2398 529 2458; x_wconf 86' lang='grc' dir='ltr'><em>Ω</em></span> <span class='ocrx_word' id='word_1_124' title='bbox 551 2397 673 2459; x_wconf 89' lang='lat' dir='ltr'>luerunt</span> <span class='ocrx_word' id='word_1_125' title='bbox 688 2405 778 2477; x_wconf 87' lang='lat' dir='ltr'>atque</span> <span class='ocrx_word' id='word_1_126' title='bbox 793 2396 842 2471; x_wconf 88' lang='lat' dir='ltr'>ita,</span> <span class='ocrx_word' id='word_1_127' title='bbox 866 2405 901 2459; x_wconf 93' lang='lat' dir='ltr'>ut</span> <span class='ocrx_word' id='word_1_128' title='bbox 922 2397 1004 2478; x_wconf 91' lang='lat' dir='ltr'>prior</span> <span class='ocrx_word' id='word_1_129' title='bbox 1018 2416 1048 2460; x_wconf 90' lang='lat' dir='ltr'>n.</span> <span class='ocrx_word' id='word_1_130' title='bbox 1064 2398 1127 2461; x_wconf 87' lang='grc'>610</span> <span class='ocrx_word' id='word_1_131' title='bbox 1149 2397 1180 2460; x_wconf 92' lang='lat' dir='ltr'>in</span> <span class='ocrx_word' id='word_1_132' title='bbox 1204 2397 1352 2480; x_wconf 91' lang='lat' dir='ltr'>principio</span> 
     </span>
     <span class='ocr_line' id='line_1_15' title="bbox 281 2498 1351 2581; baseline 0.004 -21"><span class='ocrx_word' id='word_1_133' title='bbox 281 2518 314 2560; x_wconf 89' lang='lat' dir='ltr'>ea</span> <span class='ocrx_word' id='word_1_134' title='bbox 330 2498 417 2561; x_wconf 88' lang='lat' dir='ltr'>rerba</span> <span class='ocrx_word' id='word_1_135' title='bbox 441 2499 543 2562; x_wconf 87' lang='lat' dir='ltr'>ultima</span> <span class='ocrx_word' id='word_1_136' title='bbox 558 2519 594 2561; x_wconf 81' lang='lat' dir='ltr'>ex</span> <span class='ocrx_word' id='word_1_137' title='bbox 616 2500 634 2561; x_wconf 88' lang='grc' dir='ltr'>Ι.</span> <span class='ocrx_word' id='word_1_138' title='bbox 651 2499 677 2561; x_wconf 94' lang='lat' dir='ltr'>ll</span> <span class='ocrx_word' id='word_1_139' title='bbox 698 2500 734 2562; x_wconf 92' lang='lat' dir='ltr'>ad</span> <span class='ocrx_word' id='word_1_140' title='bbox 751 2500 877 2563; x_wconf 90' lang='lat' dir='ltr'>Brutum</span> <span class='ocrx_word' id='word_1_141' title='bbox 897 2500 1043 2576; x_wconf 72' lang='lat' dir='ltr'>habuerit,</span> <span class='ocrx_word' id='word_1_142' title='bbox 1065 2521 1141 2581; x_wconf 87' lang='lat' dir='ltr'>quae</span> <span class='ocrx_word' id='word_1_143' title='bbox 1156 2501 1186 2563; x_wconf 92' lang='lat' dir='ltr'>in</span> <span class='ocrx_word' id='word_1_144' title='bbox 1209 2501 1351 2564; x_wconf 86' lang='lat' dir='ltr'>omnibus</span> 
     </span>
     <span class='ocr_line' id='line_1_16' title="bbox 281 2602 854 2682; baseline 0.003 -19"><span class='ocrx_word' id='word_1_145' title='bbox 281 2602 431 2665; x_wconf 87' lang='lat' dir='ltr'>codicibus</span> <span class='ocrx_word' id='word_1_146' title='bbox 453 2603 505 2682; x_wconf 88' lang='lat' dir='ltr'>qni</span> <span class='ocrx_word' id='word_1_147' title='bbox 527 2612 644 2666; x_wconf 85' lang='lat' dir='ltr'>exstant</span> <span class='ocrx_word' id='word_1_148' title='bbox 665 2603 854 2667; x_wconf 88' lang='lat' dir='ltr'>omittuntur.</span> 
     </span>
    </p>

    <p class='ocr_par' dir='ltr' id='par_1_4' title="bbox 278 2705 1350 3510">
     <span class='ocr_line' id='line_1_17' title="bbox 366 2705 1350 2787; baseline -0.001 -19"><span class='ocrx_word' id='word_1_149' title='bbox 366 2706 397 2782; x_wconf 76' lang='lat'>2)</span> <span class='ocrx_word' id='word_1_150' title='bbox 425 2705 466 2768; x_wconf 86' lang='lat' dir='ltr'>De</span> <span class='ocrx_word' id='word_1_151' title='bbox 494 2706 643 2769; x_wconf 84' lang='lat' dir='ltr'>codicibus</span> <span class='ocrx_word' id='word_1_152' title='bbox 666 2706 865 2782; x_wconf 86' lang='lat' dir='ltr'>Memmianis,</span> <span class='ocrx_word' id='word_1_153' title='bbox 898 2707 1007 2787; x_wconf 89' lang='lat' dir='ltr'>quibus</span> <span class='ocrx_word' id='word_1_154' title='bbox 1031 2707 1192 2770; x_wconf 77' lang='lat' dir='ltr'>Lambinus</span> <span class='ocrx_word' id='word_1_155' title='bbox 1219 2716 1250 2770; x_wconf 92' lang='lat' dir='ltr'>et</span> <span class='ocrx_word' id='word_1_156' title='bbox 1271 2707 1350 2770; x_wconf 90' lang='lat' dir='ltr'>Tur·</span> 
     </span>
     <span class='ocr_line' id='line_1_18' title="bbox 280 2810 1349 2892; baseline 0 -20"><span class='ocrx_word' id='word_1_157' title='bbox 280 2811 374 2872; x_wconf 87' lang='lat' dir='ltr'>nebus</span> <span class='ocrx_word' id='word_1_158' title='bbox 401 2810 448 2872; x_wconf 89' lang='lat' dir='ltr'>usi</span> <span class='ocrx_word' id='word_1_159' title='bbox 474 2819 553 2884; x_wconf 90' lang='lat' dir='ltr'>sunt,</span> <span class='ocrx_word' id='word_1_160' title='bbox 581 2810 697 2872; x_wconf 86' lang='lat' dir='ltr'>difficile</span> <span class='ocrx_word' id='word_1_161' title='bbox 723 2810 930 2886; x_wconf 66' lang='lat' dir='ltr'>adiudicare,</span> <span class='ocrx_word' id='word_1_162' title='bbox 958 2812 1036 2891; x_wconf 91' lang='lat' dir='ltr'>quod</span> <span class='ocrx_word' id='word_1_163' title='bbox 1063 2811 1232 2892; x_wconf 88' lang='lat' dir='ltr'>complures</span> <span class='ocrx_word' id='word_1_164' title='bbox 1258 2810 1349 2873; x_wconf 87' lang='lat' dir='ltr'>luisse</span> 
     </span>
     <span class='ocr_line' id='line_1_19' title="bbox 281 2913 1350 2995; baseline 0 -20"><span class='ocrx_word' id='word_1_165' title='bbox 281 2914 397 2975; x_wconf 90' lang='lat' dir='ltr'>codices</span> <span class='ocrx_word' id='word_1_166' title='bbox 421 2932 457 2974; x_wconf 85' lang='lat' dir='ltr'>ex</span> <span class='ocrx_word' id='word_1_167' title='bbox 478 2913 514 2974; x_wconf 91' lang='lat' dir='ltr'>iis</span> <span class='ocrx_word' id='word_1_168' title='bbox 537 2925 667 2995; x_wconf 86' lang='lat' dir='ltr'>apparet,</span> <span class='ocrx_word' id='word_1_169' title='bbox 690 2934 766 2994; x_wconf 90' lang='lat' dir='ltr'>quae</span> <span class='ocrx_word' id='word_1_170' title='bbox 781 2915 818 2977; x_wconf 90' lang='lat' dir='ltr'>L1</span> <span class='ocrx_word' id='word_1_171' title='bbox 833 2915 868 2977; x_wconf 93' lang='lat' dir='ltr'>ad</span> <span class='ocrx_word' id='word_1_172' title='bbox 885 2914 911 2976; x_wconf 95' lang='lat' dir='ltr'>ll</span> <span class='ocrx_word' id='word_1_173' title='bbox 927 2916 956 2989; x_wconf 85' lang='lat'>7,</span> <span class='ocrx_word' id='word_1_174' title='bbox 971 2913 1005 2984; x_wconf 82' lang='lat'>3;</span> <span class='ocrx_word' id='word_1_175' title='bbox 1027 2915 1064 2976; x_wconf 88' lang='lat' dir='ltr'>lV</span> <span class='ocrx_word' id='word_1_176' title='bbox 1082 2916 1109 2986; x_wconf 85' lang='lat'>1,</span> <span class='ocrx_word' id='word_1_177' title='bbox 1127 2915 1161 2989; x_wconf 73' lang='lat'>13</span> <span class='ocrx_word' id='word_1_178' title='bbox 1184 2915 1233 2976; x_wconf 88' lang='lat' dir='ltr'>Vll</span> <span class='ocrx_word' id='word_1_179' title='bbox 1251 2916 1301 2988; x_wconf 85' lang='grc'>14,</span> <span class='ocrx_word' id='word_1_180' title='bbox 1320 2915 1350 2986; x_wconf 86' lang='grc'>1;</span> 
     </span>
     <span class='ocr_line' id='line_1_20' title="bbox 281 3015 1347 3098; baseline 0.002 -21"><span class='ocrx_word' id='word_1_181' title='bbox 281 3017 329 3077; x_wconf 91' lang='lat' dir='ltr'>llll</span> <span class='ocrx_word' id='word_1_182' title='bbox 354 3015 403 3090; x_wconf 87' lang='lat'>18,</span> <span class='ocrx_word' id='word_1_183' title='bbox 420 3015 454 3090; x_wconf 77' lang='lat'>33</span> <span class='ocrx_word' id='word_1_184' title='bbox 477 3017 513 3078; x_wconf 65' lang='grc' dir='ltr'>Ι)</span> <span class='ocrx_word' id='word_1_185' title='bbox 536 3019 571 3080; x_wconf 89' lang='lat' dir='ltr'>ad</span> <span class='ocrx_word' id='word_1_186' title='bbox 593 3019 776 3093; x_wconf 79' lang='lat' dir='ltr'><strong>v11116‚1;</strong></span> <span class='ocrx_word' id='word_1_187' title='bbox 798 3019 864 3082; x_wconf 84' lang='lat' dir='ltr'>Xlll</span> <span class='ocrx_word' id='word_1_188' title='bbox 881 3019 944 3080; x_wconf 78' lang='lat' dir='ltr'>lla</span> <span class='ocrx_word' id='word_1_189' title='bbox 967 3018 1097 3093; x_wconf 88' lang='lat' dir='ltr'>adnotat,</span> <span class='ocrx_word' id='word_1_190' title='bbox 1120 3036 1217 3098; x_wconf 91' lang='lat' dir='ltr'>neque</span> <span class='ocrx_word' id='word_1_191' title='bbox 1232 3027 1347 3079; x_wconf 88' lang='lat' dir='ltr'>certum</span> 
     </span>
     <span class='ocr_line' id='line_1_21' title="bbox 280 3118 1348 3192; baseline 0.004 -14"><span class='ocrx_word' id='word_1_192' title='bbox 280 3128 333 3192; x_wconf 86' lang='lat' dir='ltr'>est,</span> <span class='ocrx_word' id='word_1_193' title='bbox 357 3118 517 3181; x_wconf 84' lang='lat' dir='ltr'>Lambinus</span> <span class='ocrx_word' id='word_1_194' title='bbox 541 3140 608 3183; x_wconf 88' lang='lat' dir='ltr'>cum</span> <span class='ocrx_word' id='word_1_195' title='bbox 633 3123 669 3183; x_wconf 87' lang='lat' dir='ltr'>de</span> <span class='ocrx_word' id='word_1_196' title='bbox 689 3122 874 3185; x_wconf 87' lang='lat' dir='ltr'>Memmianis</span> <span class='ocrx_word' id='word_1_197' title='bbox 896 3122 973 3184; x_wconf 85' lang='lat' dir='ltr'>dicat</span> <span class='ocrx_word' id='word_1_198' title='bbox 995 3140 1137 3183; x_wconf 89' lang='lat' dir='ltr'>omnesne</span> <span class='ocrx_word' id='word_1_199' title='bbox 1153 3120 1348 3183; x_wconf 86' lang='lat' dir='ltr'>llemmianos</span> 
     </span>
     <span class='ocr_line' id='line_1_22' title="bbox 283 3222 1349 3287; baseline 0.002 -5"><span class='ocrx_word' id='word_1_200' title='bbox 283 3222 404 3284; x_wconf 87' lang='lat' dir='ltr'>adierat.</span> <span class='ocrx_word' id='word_1_201' title='bbox 437 3222 548 3286; x_wconf 83' lang='lat' dir='ltr'>Tamen</span> <span class='ocrx_word' id='word_1_202' title='bbox 572 3224 643 3286; x_wconf 88' lang='lat' dir='ltr'>baec</span> <span class='ocrx_word' id='word_1_203' title='bbox 664 3243 879 3287; x_wconf 90' lang='lat' dir='ltr'>commemoro:</span> <span class='ocrx_word' id='word_1_204' title='bbox 902 3225 1096 3287; x_wconf 83' lang='lat' dir='ltr'>Memmianos</span> <span class='ocrx_word' id='word_1_205' title='bbox 1112 3224 1157 3286; x_wconf 88' lang='lat' dir='ltr'>vel</span> <span class='ocrx_word' id='word_1_206' title='bbox 1177 3242 1283 3286; x_wconf 85' lang='lat' dir='ltr'>omues</span> <span class='ocrx_word' id='word_1_207' title='bbox 1306 3223 1349 3285; x_wconf 88' lang='lat' dir='ltr'>vel</span> 
     </span>
     <span class='ocr_line' id='line_1_23' title="bbox 278 3326 1347 3409; baseline 0 -23"><span class='ocrx_word' id='word_1_208' title='bbox 278 3326 445 3408; x_wconf 83' lang='lat' dir='ltr'>complures</span> <span class='ocrx_word' id='word_1_209' title='bbox 466 3346 531 3408; x_wconf 86' lang='lat' dir='ltr'>epp.</span> <span class='ocrx_word' id='word_1_210' title='bbox 547 3328 582 3389; x_wconf 92' lang='lat' dir='ltr'>ad</span> <span class='ocrx_word' id='word_1_211' title='bbox 599 3328 724 3390; x_wconf 79' lang='lat' dir='ltr'>Brutum</span> <span class='ocrx_word' id='word_1_212' title='bbox 740 3328 759 3390; x_wconf 91' lang='lat' dir='ltr'>l.</span> <span class='ocrx_word' id='word_1_213' title='bbox 777 3329 786 3389; x_wconf 98' lang='grc' dir='ltr'>Ι</span> <span class='ocrx_word' id='word_1_214' title='bbox 810 3327 947 3391; x_wconf 88' lang='lat' dir='ltr'>babuisse</span> <span class='ocrx_word' id='word_1_215' title='bbox 962 3329 1026 3409; x_wconf 91' lang='lat' dir='ltr'>ipse</span> <span class='ocrx_word' id='word_1_216' title='bbox 1042 3328 1203 3390; x_wconf 89' lang='lat' dir='ltr'>Lambinus</span> <span class='ocrx_word' id='word_1_217' title='bbox 1225 3327 1257 3389; x_wconf 93' lang='lat' dir='ltr'>in</span> <span class='ocrx_word' id='word_1_218' title='bbox 1281 3326 1347 3390; x_wconf 90' lang='lat' dir='ltr'>adn.</span> 
     </span>
     <span class='ocr_line' id='line_1_24' title="bbox 278 3429 1347 3510; baseline 0 -20"><span class='ocrx_word' id='word_1_219' title='bbox 278 3430 313 3491; x_wconf 85' lang='lat' dir='ltr'>ad</span> <span class='ocrx_word' id='word_1_220' title='bbox 347 3449 397 3491; x_wconf 88' lang='lat' dir='ltr'>eas</span> <span class='ocrx_word' id='word_1_221' title='bbox 430 3449 497 3510; x_wconf 87' lang='lat' dir='ltr'>epp.</span> <span class='ocrx_word' id='word_1_222' title='bbox 531 3431 696 3506; x_wconf 86' lang='lat' dir='ltr'>confirmat,</span> <span class='ocrx_word' id='word_1_223' title='bbox 730 3451 790 3494; x_wconf 92' lang='lat' dir='ltr'>uno</span> <span class='ocrx_word' id='word_1_224' title='bbox 812 3431 990 3494; x_wconf 86' lang='lat' dir='ltr'>Memmiano</span> <span class='ocrx_word' id='word_1_225' title='bbox 1012 3431 1169 3493; x_wconf 83' lang='lat' dir='ltr'>Turnebus</span> <span class='ocrx_word' id='word_1_226' title='bbox 1201 3429 1298 3493; x_wconf 91' lang='lat' dir='ltr'>utitur</span> <span class='ocrx_word' id='word_1_227' title='bbox 1319 3429 1347 3490; x_wconf 90' lang='lat' dir='ltr'>in</span> 
     </span>
    </p>
   </div>
   <div class='ocr_carea' id='block_1_4' title="bbox 278 3529 1347 3614">
    <p class='ocr_par' dir='ltr' id='par_1_5' title="bbox 278 3529 1347 3614">
     <span class='ocr_line' id='line_1_25' title="bbox 278 3529 1347 3614; baseline -0.002 -20"><span class='ocrx_word' id='word_1_228' title='bbox 278 3534 350 3596; x_wconf 81' lang='lat' dir='ltr'>ddv.</span> <span class='ocrx_word' id='word_1_229' title='bbox 373 3531 464 3594; x_wconf 78' lang='lat' dir='ltr'>xxiv</span> <span class='ocrx_word' id='word_1_230' title='bbox 494 3533 535 3595; x_wconf 82' lang='lat'>39</span> <span class='ocrx_word' id='word_1_231' title='bbox 564 3534 599 3595; x_wconf 91' lang='lat' dir='ltr'>ad</span> <span class='ocrx_word' id='word_1_232' title='bbox 622 3553 656 3596; x_wconf 89' lang='lat' dir='ltr'>ea</span> <span class='ocrx_word' id='word_1_233' title='bbox 684 3534 883 3608; x_wconf 88' lang='lat' dir='ltr'>emendanda,</span> <span class='ocrx_word' id='word_1_234' title='bbox 914 3554 990 3614; x_wconf 87' lang='lat' dir='ltr'>quae</span> <span class='ocrx_word' id='word_1_235' title='bbox 1015 3536 1051 3597; x_wconf 95' lang='lat' dir='ltr'>ad</span> <span class='ocrx_word' id='word_1_236' title='bbox 1078 3531 1261 3607; x_wconf 83' lang='lat' dir='ltr'>Qu.n.1tt</span> <span class='ocrx_word' id='word_1_237' title='bbox 1287 3529 1347 3604; x_wconf 82' lang='lat' dir='ltr'>1‚e</span> 
     </span>
    </p>
   </div>
   <div class='ocr_carea' id='block_1_5' title="bbox 277 3634 1348 3822">
    <p class='ocr_par' dir='ltr' id='par_1_6' title="bbox 277 3634 1348 3822">
     <span class='ocr_line' id='line_1_26' title="bbox 279 3634 1348 3719; baseline 0 -21"><span class='ocrx_word' id='word_1_238' title='bbox 279 3645 359 3698; x_wconf 89' lang='lat' dir='ltr'>sunt.</span> <span class='ocrx_word' id='word_1_239' title='bbox 389 3635 583 3699; x_wconf 85' lang='lat' dir='ltr'>Memmianos</span> <span class='ocrx_word' id='word_1_240' title='bbox 598 3637 643 3698; x_wconf 88' lang='lat' dir='ltr'>rel</span> <span class='ocrx_word' id='word_1_241' title='bbox 659 3656 762 3701; x_wconf 91' lang='lat' dir='ltr'>omnes</span> <span class='ocrx_word' id='word_1_242' title='bbox 775 3640 818 3699; x_wconf 87' lang='lat' dir='ltr'>vel</span> <span class='ocrx_word' id='word_1_243' title='bbox 833 3639 1002 3719; x_wconf 83' lang='lat' dir='ltr'>complures</span> <span class='ocrx_word' id='word_1_244' title='bbox 1014 3639 1198 3700; x_wconf 86' lang='lat' dir='ltr'>coniecturas</span> <span class='ocrx_word' id='word_1_245' title='bbox 1210 3634 1348 3698; x_wconf 82' lang='lat' dir='ltr'>babuisse</span> 
     </span>
     <span class='ocr_line' id='line_1_27' title="bbox 277 3737 1348 3822; baseline -0.001 -22"><span class='ocrx_word' id='word_1_246' title='bbox 277 3758 313 3801; x_wconf 82' lang='lat' dir='ltr'>ex</span> <span class='ocrx_word' id='word_1_247' title='bbox 335 3738 379 3801; x_wconf 90' lang='lat' dir='ltr'>eis</span> <span class='ocrx_word' id='word_1_248' title='bbox 401 3738 577 3804; x_wconf 88' lang='lat' dir='ltr'>lectionibus</span> <span class='ocrx_word' id='word_1_249' title='bbox 587 3737 616 3816; x_wconf 72' lang='lat' dir='ltr'>*t</span> <span class='ocrx_word' id='word_1_250' title='bbox 640 3751 768 3822; x_wconf 89' lang='lat' dir='ltr'>apparet,</span> <span class='ocrx_word' id='word_1_251' title='bbox 791 3760 864 3821; x_wconf 89' lang='lat' dir='ltr'>quas</span> <span class='ocrx_word' id='word_1_252' title='bbox 886 3741 924 3802; x_wconf 90' lang='lat' dir='ltr'>L1</span> <span class='ocrx_word' id='word_1_253' title='bbox 945 3741 981 3803; x_wconf 92' lang='lat' dir='ltr'>ad</span> <span class='ocrx_word' id='word_1_254' title='bbox 1005 3741 1016 3803; x_wconf 97' lang='lat' dir='ltr'>l</span> <span class='ocrx_word' id='word_1_255' title='bbox 1041 3741 1090 3815; x_wconf 91' lang='grc'>16,</span> <span class='ocrx_word' id='word_1_256' title='bbox 1112 3739 1169 3813; x_wconf 87' lang='grc'>13;</span> <span class='ocrx_word' id='word_1_257' title='bbox 1190 3738 1233 3801; x_wconf 89' lang='lat' dir='ltr'>lll</span> <span class='ocrx_word' id='word_1_258' title='bbox 1250 3738 1301 3813; x_wconf 89' lang='lat'>10,</span> <span class='ocrx_word' id='word_1_259' title='bbox 1317 3738 1348 3807; x_wconf 90' lang='lat'>1;</span> 
     </span>
    </p>
   </div>
   <div class='ocr_carea' id='block_1_6' title="bbox 276 3911 1348 4149">
    <p class='ocr_par' dir='ltr' id='par_1_7' title="bbox 276 3911 1348 4149">
     <span class='ocr_line' id='line_1_28' title="bbox 363 3911 1347 3985; baseline -0.005 -18"><span class='ocrx_word' id='word_1_260' title='bbox 363 3915 388 3980; x_wconf 81' lang='grc'>*)</span> <span class='ocrx_word' id='word_1_261' title='bbox 406 3915 476 3985; x_wconf 88' lang='lat' dir='ltr'>lpaas</span> <span class='ocrx_word' id='word_1_262' title='bbox 496 3917 622 3967; x_wconf 86' lang='lat' dir='ltr'>lectiones</span> <span class='ocrx_word' id='word_1_263' title='bbox 641 3930 690 3965; x_wconf 87' lang='lat' dir='ltr'>uon</span> <span class='ocrx_word' id='word_1_264' title='bbox 709 3913 808 3978; x_wconf 85' lang='lat' dir='ltr'>adiero,</span> <span class='ocrx_word' id='word_1_265' title='bbox 827 3915 891 3980; x_wconf 84' lang='lat' dir='ltr'>quod</span> <span class='ocrx_word' id='word_1_266' title='bbox 910 3912 986 3965; x_wconf 90' lang='lat' dir='ltr'>lacile</span> <span class='ocrx_word' id='word_1_267' title='bbox 1005 3914 1049 3967; x_wconf 84' lang='lat' dir='ltr'>vel</span> <span class='ocrx_word' id='word_1_268' title='bbox 1062 3929 1093 3965; x_wconf 86' lang='lat' dir='ltr'>ex</span> <span class='ocrx_word' id='word_1_269' title='bbox 1107 3913 1206 3964; x_wconf 85' lang='lat' dir='ltr'>Baiteri</span> <span class='ocrx_word' id='word_1_270' title='bbox 1218 3913 1278 3963; x_wconf 87' lang='lat' dir='ltr'>ada.</span> <span class='ocrx_word' id='word_1_271' title='bbox 1291 3911 1347 3963; x_wconf 87' lang='lat' dir='ltr'>crit.</span> 
     </span>
     <span class='ocr_line' id='line_1_29' title="bbox 276 3995 1348 4066; baseline -0.004 -17"><span class='ocrx_word' id='word_1_272' title='bbox 276 3999 397 4062; x_wconf 76' lang='lat' dir='ltr'>intellegi</span> <span class='ocrx_word' id='word_1_273' title='bbox 427 4005 527 4066; x_wconf 88' lang='lat' dir='ltr'>potest,</span> <span class='ocrx_word' id='word_1_274' title='bbox 553 4005 673 4064; x_wconf 87' lang='lat' dir='ltr'>quantum</span> <span class='ocrx_word' id='word_1_275' title='bbox 703 3998 736 4048; x_wconf 87' lang='lat' dir='ltr'>iis</span> <span class='ocrx_word' id='word_1_276' title='bbox 767 3997 896 4048; x_wconf 85' lang='lat' dir='ltr'>codicibus</span> <span class='ocrx_word' id='word_1_277' title='bbox 924 3996 1088 4048; x_wconf 81' lang='lat' dir='ltr'>auctoritatis</span> <span class='ocrx_word' id='word_1_278' title='bbox 1115 3995 1279 4048; x_wconf 78' lang='lat' dir='ltr'>triboeandu</span> <span class='ocrx_word' id='word_1_279' title='bbox 1306 3995 1348 4057; x_wconf 87' lang='lat' dir='ltr'>sit,</span> 
     </span>
     <span class='ocr_line' id='line_1_30' title="bbox 276 4077 1346 4149; baseline -0.006 -16"><span class='ocrx_word' id='word_1_280' title='bbox 276 4083 413 4149; x_wconf 84' lang='lat' dir='ltr'>eademque</span> <span class='ocrx_word' id='word_1_281' title='bbox 425 4097 468 4132; x_wconf 87' lang='lat' dir='ltr'>res</span> <span class='ocrx_word' id='word_1_282' title='bbox 481 4097 513 4132; x_wconf 77' lang='lat' dir='ltr'>aa</span> <span class='ocrx_word' id='word_1_283' title='bbox 526 4097 565 4148; x_wconf 89' lang='lat' dir='ltr'>ea,</span> <span class='ocrx_word' id='word_1_284' title='bbox 579 4096 650 4148; x_wconf 86' lang='lat' dir='ltr'>qoam</span> <span class='ocrx_word' id='word_1_285' title='bbox 665 4095 711 4133; x_wconf 86' lang='lat' dir='ltr'>noe</span> <span class='ocrx_word' id='word_1_286' title='bbox 724 4095 850 4147; x_wconf 88' lang='lat' dir='ltr'>paramus,</span> <span class='ocrx_word' id='word_1_287' title='bbox 866 4079 980 4132; x_wconf 88' lang='lat' dir='ltr'>editione</span> <span class='ocrx_word' id='word_1_288' title='bbox 999 4079 1075 4131; x_wconf 88' lang='lat' dir='ltr'>etiam</span> <span class='ocrx_word' id='word_1_289' title='bbox 1089 4078 1192 4146; x_wconf 80' lang='lat' dir='ltr'>planius</span> <span class='ocrx_word' id='word_1_290' title='bbox 1206 4077 1346 4147; x_wconf 79' lang='lat' dir='ltr'>apparebit.</span> 
     </span>
    </p>
   </div>
   <div class='ocr_carea' id='block_1_7' title="bbox 0 0 1438 4626">
    <p class='ocr_par' dir='ltr' id='par_1_8' title="bbox 0 0 1438 4626">
     <span class='ocr_line' id='line_1_31' title="bbox 0 0 1438 4626; baseline 0 3"><span class='ocrx_word' id='word_1_291' title='bbox 0 0 1438 4626; x_wconf 95' lang='lat' dir='ltr'> </span> 
     </span>
    </p>
   </div>
  </div>
 </body>
</html>
