2866 4626
625 256 960 318 —200—

342 434 425 506 Quod
461 433 485 493 si
519 443 558 494 ost
593 433 646 494 illo
679 434 793 513 paridem
825 435 976 514 impatdoos
1005 435 1162 514 postulatio
1196 439 1329 514 opinione

256 538 398 600 calentior
419 537 449 596 in
472 538 629 616 archetypo
656 536 748 598 fuisse
771 537 831 596 veri
855 536 952 598 simile
974 547 1019 598 est
1049 572 1091 580 -
1121 556 1217 616 neque
1247 539 1328 598 enim

257 639 367 701 certius
400 640 557 720 quicquam
588 639 623 700 de
652 658 686 700 eo
708 640 773 701 loco
795 641 950 702 adfirmare
983 642 1137 710 audemus,
1172 641 1206 700 ad
1237 659 1328 720 quem

256 745 471 806 recensendum
487 744 511 804 Y
526 743 658 805 adhiberi
680 763 740 805 non
765 753 863 824 potest
885 779 935 818 -,
959 743 1030 823 quid
1053 744 1089 804 de
1104 743 1162 804 illis
1178 745 1328 806 vocabulis

257 849 424 909 faciendum
448 848 487 909 sit
508 847 675 927 quaeritur;
697 866 765 909 nam
789 847 899 927 aliquid
915 847 1091 908 mutandum
1108 866 1174 908 esse
1196 858 1328 929 apparet.

257 951 359 1031 ltaque
397 951 624 1030 Wesenbergius
658 953 809 1032 impudens
841 951 995 1032 postadctio
1035 947 1161 1032 <otqoe>
1196 957 1329 1031 opinione

256 1054 399 1116 volentior
441 1054 623 1134 excogitavit.
680 1056 711 1116 ln
756 1055 864 1133 quibus
900 1053 997 1115 verbis
1035 1053 1166 1133 primum
1205 1055 1329 1117 offendit

253 1158 409 1238 postulatio
432 1162 562 1238 opinione
583 1159 738 1233 ocbutiom
771 1158 838 1237 quis
865 1158 944 1218 enim
972 1176 1114 1238 umquam
1145 1157 1188 1218 sic
1210 1158 1328 1220 locutus

257 1269 315 1321 est:
355 1260 441 1322 ‘Haec
470 1260 627 1340 postulatio
661 1269 707 1322 est
739 1261 876 1342 opinione
901 1261 1053 1323 valentior'
1078 1279 1147 1343 pro:
1182 1262 1327 1343 ‘Amplius

258 1367 425 1446 postulatur
447 1384 536 1445 quam
559 1367 714 1445 quisquam
738 1361 856 1445 putet'?
890 1365 1043 1426 Praeterea
1066 1375 1163 1427 cutem
1184 1375 1252 1445 post
1275 1385 1328 1427 cur

258 1470 434 1550 displiceret,
469 1469 493 1530 si
528 1469 727 1549 Wesenbergii
760 1469 960 1530 coniecturam
994 1469 1205 1550 reciperemus.
1251 1468 1325 1530 Nam

258 1573 329 1634 haec
352 1573 453 1634 Cicero
476 1574 615 1652 disputat,
650 1582 752 1635 utrum
786 1573 902 1634 Caesari
936 1593 969 1634 ea
996 1591 1071 1654 quae
1098 1573 1229 1653 postulet
1256 1592 1328 1633 con-

258 1677 385 1738 cedenda
409 1696 473 1738 esse
495 1676 649 1739 videantur
671 1696 708 1738 an
732 1696 800 1738 cum
824 1697 858 1739 eo
880 1677 1083 1758 pugnandum.
1127 1676 1327 1737 Posteriorem

258 1799 332 1852 rem,
359 1780 385 1841 si
407 1779 649 1860 Wesenbergium
673 1799 874 1860 sequeremur,
906 1782 961 1842 hoc
990 1782 1079 1843 modo
1108 1780 1258 1865 suaderet:
1289 1791 1330 1842 est

260 1882 313 1945 illo
347 1885 459 1963 quidem
492 1885 642 1963 impudens
671 1887 824 1966 postulatio
849 1882 974 1968 (mque)
1009 1889 1139 1966 opinione
1170 1885 1327 1959 celemion

258 1985 403 2067 priorem:
428 2006 480 2048 eur
502 1997 597 2049 autem
618 2007 696 2049 otene
713 1992 842 2067 primum
865 1993 892 2051 ei
911 1994 1085 2052 resistamus.
1124 1988 1199 2050 lllud
1221 1999 1328 2061 utitem,

259 2108 333 2168 quae
361 2089 501 2169 particula
532 2110 611 2151 nunc
638 2092 673 2152 ad
702 2094 813 2173 quidem
838 2093 967 2173 respicit,
999 2112 1015 2154 a
1044 2092 1194 2154 Ciceronis
1222 2110 1328 2170 genere

259 2193 374 2254 dicendi
397 2192 555 2255 abhorrere
578 2203 666 2275 puto,
688 2194 756 2274 quis
778 2194 856 2256 enim
881 2195 912 2255 in
933 2194 1008 2255 Phil.
1026 2214 1068 2255 or.
1086 2195 1124 2256 Xl
1140 2199 1157 2269 ξ
1171 2194 1212 2256 32
1235 2206 1276 2256 est
1292 2194 1325 2266 Q.

259 2296 375 2358 Caecilii
393 2296 485 2368 Bassi,
504 2301 613 2376 privati
634 2297 713 2360 illius
736 2300 859 2380 quidem,
882 2300 932 2360 sed
952 2300 1038 2377 fortis
1059 2309 1087 2360 et
1100 2298 1326 2378 praeclariori,

257 2401 390 2462 robustus
412 2410 437 2461 et
459 2405 550 2462 victor
576 2405 718 2463 excercitus
744 2420 799 2482 pro
826 2402 875 2462 sed
899 2403 986 2481 fortis
1013 2401 1101 2462 scribi
1129 2420 1217 2483 posse
1243 2403 1328 2482 fortis

259 2514 354 2566 oedem
377 2500 497 2565 credat?
530 2503 715 2584 Quamquam
739 2514 769 2566 et
790 2505 939 2584 cognitum
964 2504 1117 2577 babemus,
1152 2505 1263 2584 paridem
1286 2539 1327 2547 -

259 2618 355 2669 cotem
388 2627 403 2668 a
437 2606 577 2668 Cicerone
612 2607 713 2669 multis
749 2608 820 2670 locis
853 2607 923 2689 poni
960 2617 989 2668 et
1023 2607 1200 2688 Seyffertum
1239 2618 1326 2689 atque

260 2711 433 2772 Muellerum
465 2712 550 2771 docte
577 2710 613 2772 de
643 2710 750 2772 talibus
773 2711 843 2772 locis
866 2711 895 2771 in
919 2710 996 2773 Lael.
1020 2711 1066 2771 ed.
1088 2711 1113 2771 ll
1136 2731 1165 2793 p.
1190 2711 1230 2773 37
1265 2712 1326 2773 dis-

259 2824 381 2894 putare:
416 2814 472 2875 hoc
505 2832 574 2874 vero
600 2813 676 2885 loco,
710 2834 767 2895 quo
798 2814 961 2893 posteriore
998 2815 1142 2875 sententia
1176 2815 1327 2896 probatur,

259 2917 375 2978 Caesari
399 2917 562 2978 cedendum
586 2925 673 2996 atque
695 2917 824 2998 priorem
854 2917 1030 2979 sententiam
1051 2917 1230 2980 reiciendam
1253 2938 1326 2992 esse,

259 3032 353 3083 cartem
376 3020 446 3080 ferri
468 3039 557 3101 posse
579 3038 640 3080 non
663 3029 814 3100 putamus.

344 3124 405 3183 lam
428 3142 482 3184 nos
504 3123 657 3197 audemus,
691 3143 750 3204 quo
777 3124 865 3184 modo
888 3122 1033 3184 sententia
1055 3122 1236 3185 restituenda
1263 3143 1327 3186 esse

258 3227 400 3300 rideatur,
424 3245 579 3305 exponere.
624 3226 809 3306 Negavimus‚
844 3230 974 3307 opinione
1006 3226 1152 3289 volentior
1181 3228 1327 3308 respicere

261 3350 348 3412 posse
361 3332 396 3391 ad
406 3330 635 3410 postulationem.
667 3331 731 3403 Quo
746 3331 837 3409 igitur
851 3326 994 3409 respiciet
1018 3331 1047 3391 ld
1064 3339 1099 3391 ut
1112 3330 1326 3411 intellegamus,

259 3435 357 3514 ipsum
394 3434 562 3495 Ciceronem
597 3435 731 3513 cogimus
768 3434 935 3515 procedere.
994 3433 1094 3495 Cicero
1130 3433 1221 3514 igitur
1258 3437 1328 3498 baec

260 3538 363 3600 scribit
398 3537 447 3597 Vll
471 3537 536 3611 7,6
558 3537 697 3600 imbecillo
729 3539 917 3600 resistendum
950 3539 1023 3618 suin
1058 3538 1123 3612 5‚5
1144 3533 1220 3601 ‘sero
1254 3545 1327 3602 enim

259 3646 416 3704 resistimus
438 3645 471 3712 ei,
495 3660 650 3721 asemper
673 3661 763 3703 conos
785 3643 878 3704 decem
900 3643 1027 3704 aluimus
1048 3651 1148 3703 couno
1170 3660 1241 3717 nos3
1264 3643 1327 3718 9,3

259 3756 290 3808 ot
311 3757 373 3807 tum
395 3745 550 3807 imbecillus
570 3745 645 3825 plus,
679 3749 777 3825 inquit,
813 3746 904 3810 voluit
929 3766 1015 3828 prom
1043 3756 1101 3808 toto
1128 3763 1175 3807 res
1195 3747 1328 3826 perditem

261 3850 326 3921 3,4
348 3850 391 3912 bis
412 3849 461 3910 ille
483 3851 567 3911 robus
588 3855 629 3912 ito
651 3849 807 3921 oenomaum
835 3849 914 3922 13,1
938 3853 963 3912 is
986 3861 1081 3911 cotom
1101 3849 1178 3912 uolet
1193 3855 1328 3914 mecedo.

262 3953 363 4032 ltaque
386 3953 414 4013 in
432 3971 475 4026 ea,
498 3953 533 4013 de
549 3972 606 4033 qua
622 3953 747 4032 agimus,
770 3954 915 4014 sententia
931 3965 971 4016 est
984 3954 1037 4016 illc
1052 3953 1164 4034 quidem
1179 3957 1330 4034 inpuros

258 4056 414 4136 postulatio
437 4059 565 4134 opinione
580 4056 722 4118 volentior
737 4057 840 4118 ultima
856 4057 992 4118 vocabula
1008 4057 1045 4119 ad
1059 4057 1156 4136 ipsum
1175 4056 1329 4120 Caesarem
