2866 4626
548 307 636 315 -—-
688 270 749 333 145
795 259 890 314 --’

180 468 245 509 esse
276 446 554 521 demonstravimus,
589 447 613 508 is
641 448 703 528 ipse
734 449 823 508 codex
851 447 966 508 videtur
993 447 1092 520 fuisse,
1129 449 1163 508 de
1190 468 1248 527 quo

180 551 352 612 Leonardus
386 550 539 610 Arretinus
577 551 701 631 epistula
735 551 861 613 Pistorio
895 552 930 612 ad
968 550 1118 611 Nicolaum
1157 551 1249 613 Nicoli

180 655 273 715 filium
298 674 323 716 a.
342 655 423 715 1409
446 655 511 715 data
535 654 584 731 (ci.
603 654 692 714 Bruai
717 673 781 734 epp.
806 655 853 727 ΙΙΙ,
879 653 917 714 13
941 655 986 715 ed.
1008 653 1125 727 Mehus3
1148 656 1248 715 eadem

179 759 305 839 epistula
340 768 385 819 est
418 757 448 818 in
483 759 528 818 ed.
552 757 689 830 Fabricii,
727 757 830 816 Hamb.
859 777 884 816 a.
916 757 1011 830 1724,
1040 776 1067 837 p.
1090 758 1144 837 99)
1180 759 1250 819 haec

180 862 298 923 scribit:
330 861 366 923 In
395 861 447 922 lrao
473 865 533 942 r'psa
556 861 635 933 lora,
671 881 735 922 curn
757 862 808 922 tili
828 862 949 923 scribere
971 880 1120 939 pararem,
1151 863 1250 924 literae

179 979 247 1029 tuae
270 966 341 1027 nata·
360 966 488 1027 redditae
502 968 631 1046 facerunt.
668 965 765 1026 Primo
788 968 877 1044 ipitnr
899 966 999 1032 dicam,
1024 967 1098 1045 qnod
1121 966 1250 1028 dicturus

180 1089 272 1140 erana
296 1070 395 1131 deinde
413 1074 468 1130 tuis
482 1069 661 1148 respondebo.
696 1067 930 1130 Bartholomaeus
960 1067 1157 1131 Cremonensis
1182 1071 1253 1131 milri

179 1174 262 1235 lrorlie
296 1175 465 1254 afsrrrnavit,
499 1193 527 1233 se
553 1172 696 1233 Ciceronis
731 1171 861 1252 epistolas
890 1189 926 1232 en
953 1177 1141 1234 oetrrstissima
1168 1173 1251 1235 litero

183 1281 332 1356 reperisse.
373 1275 533 1355 Contempsi
556 1281 665 1356 primo,
695 1294 763 1336 moa
791 1293 855 1334 enni
883 1278 973 1353 mapis
1007 1279 1148 1355 mapispne
1175 1295 1251 1336 asse-

183 1391 307 1449 veraret,
335 1380 483 1458 confestim
507 1381 620 1440 domnm
643 1383 702 1440 eius
724 1379 835 1439 or'sendi
855 1379 948 1438 studio
971 1397 1014 1438 nie
1038 1382 1171 1458 corripui,
1199 1398 1253 1459 qno

181 1486 213 1542 in
240 1483 300 1543 loco
328 1481 398 1542 mili
429 1484 584 1543 ostenditur
613 1483 746 1543 oolnrnen
773 1486 1000 1561 antiquissimum
1022 1502 1090 1543 sane
1113 1500 1146 1543 aa
1168 1502 1253 1544 verte-

184 1587 323 1646 rondnm.
367 1584 425 1646 Sed
453 1587 522 1646 dnm
546 1588 626 1646 aeide
649 1587 762 1646 eoolrita
786 1605 818 1646 oc
846 1585 960 1665 sinpula
986 1597 1107 1655 scrntor,
1141 1591 1254 1647 inuenio

183 1690 315 1768 epistolas
338 1688 375 1749 ad
390 1688 515 1749 Brutum
538 1699 563 1748 et
584 1689 621 1748 ad
637 1688 775 1759 erintnm
795 1689 934 1767 fratrem,
956 1708 1003 1749 eas
1026 1689 1154 1750 videlicet
1179 1693 1254 1769 ipsas

183 1811 255 1871 pnes
278 1792 422 1862 habentus,
449 1802 476 1852 et
497 1802 599 1870 septem
623 1792 766 1852 dnntamat
793 1792 831 1852 ad
858 1792 979 1852 Atticum
1004 1793 1100 1853 libros.
1138 1791 1203 1852 Fuit
1225 1793 1255 1855 id

183 1899 289 1964 narniis,
313 1911 399 1974 qnam
416 1905 556 1972 optaram,
579 1895 628 1955 srd
650 1904 755 1964 tannen,
780 1899 909 1974 oppinor,
932 1893 1145 1974 aliquantulum
1168 1897 1254 1954 inerit

187 1997 264 2058 lucri
285 1998 322 2058 ad
344 2007 457 2057 nostras
479 1996 679 2056 emendandas.
725 1996 804 2057 illud
825 2001 894 2057 satis
916 2007 1033 2066 constat,
1067 2017 1137 2077 paras
1171 2009 1254 2059 antea

183 2100 344 2169 doluimus,
368 2118 405 2160 en
427 2118 457 2160 eo
480 2099 625 2159 oolrnm‘ne
647 2118 705 2160 nora
725 2103 815 2180 fnisse
844 2105 1039 2181 transcriptas,
1064 2121 1127 2163 oram
1144 2103 1184 2163 ibi
1197 2121 1255 2162 non

184 2203 282 2282 plnres
312 2223 396 2282 priam
423 2214 526 2284 septena
555 2205 593 2264 ad
621 2204 743 2264 Atticum
771 2204 846 2275 libri,
881 2224 933 2267 nos
958 2224 1034 2275 vero,
1069 2217 1101 2266 nt
1123 2209 1254 2285 oppinor,

185 2308 397 2386 quatuordecim
442 2308 587 2368 ieiunans.
639 2307 735 2366 Codex
770 2308 816 2367 ille
847 2308 1036 2369 Pistorieusis
1071 2318 1183 2388 septem
1219 2309 1254 2368 ad

185 2412 313 2470 Atticum
337 2411 429 2471 libros
452 2413 566 2472 habuit:
602 2411 635 2484 N,
654 2411 677 2470 ΙΙ
701 2413 729 2471 in
753 2411 883 2471 libavit
909 2412 1004 2471 medio
1039 2411 1191 2484 desinuut3
1225 2410 1255 2469 in

185 2514 284 2574 codice
310 2514 479 2574 eistatensi
508 2514 662 2593 epistulam
692 2516 725 2574 ad
751 2515 944 2576 Octavianum
969 2517 1060 2576 fuisse
1084 2516 1254 2576 Leoaardus

185 2619 249 2677 ΙΙΙ.
273 2636 331 2676 uon
356 2628 580 2677 commemorat:
616 2617 699 2676 ueN
728 2619 846 2696 quidem
877 2639 939 2678 eam
972 2619 1126 2698 epistulam
1157 2617 1253 2690 habet,

186 2719 210 2778 ΙΙ
241 2719 337 2793 habet,
372 2721 420 2780 sed
445 2739 512 2780 eam
537 2720 676 2792 codicem,
713 2731 746 2780 ut
768 2731 813 2781 est
835 2741 850 2781 a
874 2722 959 2783 ‹locto
982 2722 1108 2800 quodam
1133 2720 1252 2780 liomino

184 2822 326 2902 scriptus,
365 2823 441 2882 haud
479 2823 580 2902 paucis
617 2822 688 2883 locis
722 2824 962 2903 interpolationes
996 2825 1141 2904 accepisse
1176 2825 1251 2884 inira

184 2946 213 3005 p.
232 2925 292 2986 162
320 2926 596 2987 demonstrabimus.
642 2926 677 2986 Et
700 2935 798 2986 tamen
823 2947 886 3001 nos,
921 2929 1058 3006 quoniam
1094 2927 1251 3000 nescimus

184 3029 278 3108 qualis
295 3030 348 3091 iste
364 3030 453 3090 codex
466 3029 654 3090 Pistoriensis
666 3030 755 3091 suerit
771 3050 903 3109 quaeque
920 3032 1105 3110 interipsum
1120 3039 1149 3090 et
1161 3031 1252 3091 Medi-

184 3151 270 3193 ceum
301 3133 373 3193 ratio
401 3134 572 3206 intercedat,
607 3134 680 3193 nihii
703 3135 811 3194 certius
835 3135 870 3194 de
893 3154 923 3194 re
948 3147 1006 3196 tum
1031 3134 1117 3195 dubia
1140 3135 1249 3194 consti-

186 3247 267 3297 tuere
291 3237 433 3297 audemus
456 3249 544 3317 atque
566 3238 602 3297 iis
626 3247 716 3298 totam
741 3256 859 3298 calisam
884 3238 1092 3317 expediendam
1110 3238 1250 3315 reliuqui-

185 3359 262 3414 mus,
286 3342 336 3419 qui
359 3341 543 3402 vaticinando
568 3342 611 3401 rel
635 3341 861 3402 obscurissimas
884 3362 929 3402 res
954 3342 1037 3402 facile
1058 3361 1089 3402 se
1109 3342 1253 3420 explicare

183 3462 272 3522 posse
296 3445 457 3504 confidunt.
504 3446 559 3505 Sed
584 3446 644 3505 sive
669 3449 709 3516 ΙΙ,
738 3444 756 3502 Ι.
778 3464 802 3504 e.
827 3463 932 3522 parens
956 3445 1087 3505 codicum
1112 3443 1173 3518 NH,
1197 3444 1252 3504 iste

184 3547 276 3607 codex
307 3547 493 3609 Pistorieasis
528 3557 573 3608 est
608 3548 667 3608 sive
698 3566 757 3608 non
787 3557 846 3620 est,
885 3547 954 3608 illud
989 3557 1145 3627 putamus,
1180 3552 1213 3606 ΙΙ
1236 3566 1251 3606 a

184 3650 306 3730 reliquis
333 3652 492 3724 codicibus,
530 3651 581 3730 qui
619 3651 647 3710 ia
683 3653 712 3710 Σ
742 3651 863 3722 cadunt,
902 3650 1031 3729 antiquis
1071 3650 1251 3728 ternporibus

184 3754 363 3815 discessisse.
387 3755 482 3834 Atque
500 3765 634 3833 utsupra
652 3752 1130 3832 p.12iiconieeimus‚divortium
1148 3771 1250 3814 eorum

183 3857 329 3929 codicum,
346 3878 420 3937 quos
437 3859 459 3917 Y
475 3869 504 3919 et
518 3863 546 3917 tr
562 3857 781 3938 appellavimus,
798 3876 831 3915 ex
848 3856 947 3917 codice
964 3856 1133 3917 maiusculis
1146 3855 1251 3916 litteris

183 3961 294 4040 scripto
320 3963 426 4021 iactum
452 3983 524 4034 essa,
551 3965 586 4022 ita
612 3962 753 4040 suspicari
776 3960 851 4032 licet,
875 3981 909 4020 eo
933 3971 1074 4039 tempore,
1098 3978 1156 4036 quo
1186 3962 1217 4017 Π
1237 3979 1251 4018 a

182 4068 213 4125 Σ
238 4065 388 4144 proiectus
419 4066 466 4136 sit,
501 4087 519 4127 a
546 4067 623 4144 qirutl
652 4066 759 4126 dicitur
788 4074 921 4146 apertum
949 4074 1122 4143 usurpatum
1151 4061 1250 4122 fuisse.

242 4165 363 4214 Lehmann,
379 4165 409 4205 Dc
426 4164 469 4206 Cic.
484 4164 512 4205 ad
527 4169 573 4206 Ate.
588 4166 694 4217 epistulis.
1059 4168 1091 4219 10
