2866 4626
559 236 872 299 -23-

283 413 427 492 scriptum
452 412 589 490 cornelio)
611 416 661 491 pei
680 413 732 473 laos
753 412 797 474 dic
820 414 859 474 cd
881 414 1002 474 Atticum
1024 418 1158 492 scriptam
1180 414 1252 475 haec

282 515 462 596 subscriptio
485 516 569 594 nigro
592 524 757 577 atramento
780 524 825 576 est
847 516 963 595 scripta.

268 619 361 680 Totus
385 620 474 680 codex
497 619 611 680 videtur
634 618 761 698 scriptus
785 637 849 679 esse
870 618 906 678 ab
926 620 1029 679 eodem
1046 619 1176 692 homine,
1200 620 1249 680 sed

187 723 269 784 variis
305 724 503 802 temporibus3
541 723 639 801 itaque
676 741 743 782 cum
782 721 872 801 priori
903 722 977 800 parti
1016 721 1138 793 codicis,
1176 742 1251 800 quae

184 827 290 887 desinit
322 826 352 887 in
388 826 552 896 1011510,
587 824 659 885 haec
686 823 816 885 subiecta
843 824 903 885 sint
929 823 1044 886 Merces
1077 825 1110 885 de
1143 825 1250 904 replac-

183 930 266 991 nelle's
299 934 421 1010 scripsit,
456 928 583 989 eundem
617 927 768 988 hominem
801 926 994 1007 posteriorem
1029 936 1141 1006 partem
1176 947 1251 1006 quae

183 1033 324 1112 epistulas
347 1031 478 1094 continet
500 1031 649 1109 aliquanto
672 1041 740 1110 post
763 1030 915 1111 scripsisse
931 1038 1013 1110 puto.
1047 1029 1104 1102 Qui
1128 1049 1195 1091 cum
1219 1031 1250 1092 in

183 1135 308 1196 Cornelii
332 1135 452 1215 Nepotis
481 1135 538 1195 vita
560 1132 648 1195 attici
673 1134 756 1205 to‚3
779 1133 905 1213 legisset,
935 1133 1070 1194 undecim
1101 1134 1250 1195 volumina

183 1239 376 1318 epistularum
407 1258 470 1299 esse
500 1238 535 1299 ab
558 1238 712 1298 consulatu
737 1237 884 1299 Ciceronis
907 1236 1058 1314 usquead
1082 1246 1249 1298 extremum

184 1354 302 1422 tempus
324 1343 359 1402 ad
379 1341 508 1403 Atticum
533 1340 700 1423 missarum,
724 1340 821 1420 ipsum
846 1341 927 1401 illum
952 1357 1110 1400 numerum
1135 1340 1192 1401 sibi
1214 1360 1250 1401 ex

184 1446 217 1505 iis
240 1446 282 1506 20
298 1445 392 1517 libris,
420 1462 495 1521 quos
518 1443 547 1504 in
571 1442 731 1521 exemplari
754 1442 887 1516 habebat,
911 1443 1096 1504 efficiendum
1121 1444 1249 1523 putavit3

183 1567 249 1608 nam
261 1566 299 1607 ne
311 1546 427 1608 credam
440 1545 512 1607 istos
526 1547 660 1608 undecim
669 1545 758 1607 libros
771 1545 827 1606 iam
841 1546 871 1606 in
884 1546 1130 1627 exemplariquod
1139 1547 1250 1607 descri-

184 1651 269 1712 bebat
285 1650 461 1711 constitutos
478 1649 577 1724 luisse,
601 1669 633 1711 ea
650 1649 773 1710 suadent
788 1667 862 1727 quae
878 1649 907 1710 in
924 1652 981 1710 line
996 1649 1062 1710 libri
1078 1649 1154 1710 Vllll
1166 1658 1196 1710 et
1211 1650 1250 1710 Xl

184 1755 271 1815 buius
295 1754 358 1814 cod.
380 1752 486 1832 scripta
510 1762 593 1814 erant
615 1762 702 1831 atque
723 1762 824 1831 postea
847 1762 977 1814 correcta
1001 1761 1080 1813 sunt.
1118 1753 1196 1814 ldem
1221 1763 1250 1814 01

185 1859 291 1919 meritas
314 1857 453 1936 epistulas
477 1856 577 1917 omisit
599 1865 628 1917 et
650 1875 685 1915 ex
707 1855 743 1916 iis
767 1855 838 1934 ipsis
861 1875 936 1935 opp,
965 1874 1037 1934 quas
1059 1855 1249 1929 describebat,

185 1961 292 2021 mirum
327 1958 357 2020 in
392 1959 513 2020 modum
548 1960 629 2022 nullo
660 1967 740 2019 ccrto
769 1958 891 2019 consilio
918 1958 1072 2037 excerpsit,
1106 1959 1249 2038 plurimas

184 2063 380 2143 paragraphos
395 2062 601 2142 praetermisit,
623 2063 724 2124 multis
739 2063 809 2124 locis
826 2082 861 2122 ex
876 2081 934 2122 una
951 2081 996 2141 ep.
1013 2060 1117 2122 mediis
1133 2060 1250 2123 omissis

185 2166 265 2226 binas
288 2165 396 2237 ellecit,
423 2165 539 2246 saepius
563 2176 659 2246 partes
682 2176 832 2246 excerptas
855 2164 894 2226 ita
918 2165 1085 2238 coniunxit,
1120 2175 1151 2226 ut
1174 2176 1199 2228 01
1221 2161 1248 2228 c'.

185 2270 226 2329 vel
247 2279 274 2329 et
297 2289 320 2330 c.
354 2267 554 2348 interponeret
577 2278 665 2348 atque
684 2270 759 2330 hanc
782 2277 881 2329 notam
906 2264 1174 2351 (sinte1·iceret
1206 2270 1251 2330 vel

183 2375 403 2437 intericiendam
426 2385 556 2450 curaret3
578 2376 659 2437 nullo
678 2394 746 2437 eum
769 2377 800 2436 in
816 2375 999 2454 excerpendo
1016 2375 1138 2436 consilio
1163 2395 1248 2437 usum

184 2498 246 2539 esse
261 2478 331 2539 inde
345 2488 472 2558 apparet,
489 2480 567 2558 quod
584 2498 670 2559 saepe
686 2499 787 2558 graves
804 2496 851 2539 res
867 2478 975 2546 omisit,
991 2479 1069 2540 leves
1086 2479 1249 2560 descripsit.

268 2580 325 2653 Qui
355 2582 393 2642 sit
415 2590 510 2643 status
526 2581 589 2642 eins
612 2582 720 2643 codicis
744 2592 831 2660 atque
846 2601 905 2660 quo
929 2582 1016 2642 modo
1039 2582 1132 2662 isqui
1156 2583 1249 2663 scrip-

184 2686 221 2747 sit
252 2684 439 2763 excerpserit,
469 2685 583 2746 facilius
605 2684 799 2764 intellegetur,
833 2703 901 2746 cum
934 2684 1005 2763 quid
1039 2705 1074 2746 ex
1101 2685 1191 2746 altero
1214 2687 1248 2747 ad

183 2791 241 2849 Au.
258 2788 334 2849 libro
355 2787 514 2866 scripserit,
538 2786 608 2866 quid
632 2787 771 2862 omiserit,
795 2797 868 2868 quot
890 2787 1031 2868 epistulas
1054 2788 1248 2862 constituerit,

183 2890 416 2971 exposuerimus.
461 2890 559 2951 Prima
587 2891 677 2970 igitur
703 2891 767 2952 eius
796 2891 862 2952 libri
891 2911 936 2971 ep.
964 2890 994 2952 in
1021 2891 1120 2952 codice
1146 2891 1250 2971 incipit

183 2995 285 3066 111,1
311 2987 714 3074 0110100110110101111100011
745 3003 774 3055 et
806 2993 914 3056 desinit
935 2994 966 3055 in
990 2996 1015 3055 ll
1034 2996 1097 3067 1,4
1131 3006 1156 3057 01
1178 3015 1250 3075 quoe

183 3100 318 3159 dicerem.
347 3133 382 3140 —
406 3097 502 3158 Altera
525 3097 650 3176 epistula
672 3097 776 3177 incipit
799 3117 814 3157 a
838 3098 863 3157 ll
881 3098 944 3168 1,5
969 3097 1053 3169 Quod
1074 3092 1113 3177 (l)
1136 3104 1250 3177 quoeris

180 3201 324 3262 bominem
346 3210 376 3261 et
390 3199 496 3261 desinit
517 3200 547 3261 in
565 3201 591 3260 ll
610 3204 636 3274 1,
654 3200 672 3261 8
694 3211 719 3261 et
732 3205 853 3279 pervicit
868 3211 939 3262 ceto.
955 3236 995 3242 —
1012 3200 1109 3260 Tertia
1125 3201 1249 3280 epistula

181 3303 286 3384 incipit
308 3304 364 3364 all
381 3302 444 3376 3,3
467 3302 534 3365 Fuit
556 3305 633 3383 opud
655 3323 699 3365 me
722 3312 752 3364 et
774 3304 882 3365 desinit
904 3303 934 3363 in
956 3303 980 3363 ll
998 3302 1062 3376 3,3
1085 3323 1143 3365 esse
1167 3306 1249 3367 dubi-

179 3408 311 3471 tundum.
332 3446 374 3454 -
396 3407 506 3479 Quarta
528 3388 651 3487 epistula
675 3407 778 3486 incipit
800 3427 815 3468 a
839 3407 942 3478 114,1
969 3405 1072 3468 Fecisti
1092 3408 1164 3469 milri
1181 3427 1249 3488 per-

178 3522 297 3592 protmn
320 3520 349 3571 et
368 3510 474 3571 desinit
489 3509 520 3571 in
537 3511 560 3571 ll
577 3512 606 3582 4,
625 3512 640 3569 1
654 3513 763 3589 poteris
776 3504 928 3588 transiens.
946 3544 987 3551 -
1003 3508 1111 3577 Quinta
1127 3509 1250 3587 epistula

179 3615 286 3696 incipit
319 3634 334 3674 a
360 3615 386 3674 ll
403 3614 468 3682 te
491 3613 603 3675 interce
636 3615 747 3692 quidem
781 3622 810 3674 et
842 3612 952 3674 desinit
984 3613 1014 3672 in
1045 3612 1149 3684 1116
1182 3631 1249 3673 sone

180 3721 304 3781 devium.
328 3753 369 3761 —
393 3718 479 3778 Sexta
511 3717 633 3798 epistula
662 3716 767 3796 incipit
788 3736 804 3778 0
827 3718 932 3790 115,1
960 3716 1048 3796 Cupio
1071 3716 1199 3795 equidem
1221 3724 1250 3775 et

179 3821 291 3882 desinit
313 3820 342 3880 in
367 3820 470 3892 115,1
501 3824 602 3882 or'ount
623 3821 814 3882 rumusculos.
840 3854 879 3862 —
903 3819 1034 3899 Septima
1056 3817 1181 3896 epistula
1203 3817 1249 3877 in-

179 3925 252 4004 cipit
279 3943 295 3985 a
318 3923 422 3996 116,1
449 3923 532 3996 Quod
560 3925 611 3986 tabi
637 3933 667 3985 et
696 3923 803 3985 desinit
832 3924 863 3983 in
886 3923 989 3995 116,1
1019 3939 1156 3999 caeparum
1179 3938 1249 4000 opus

179 4041 228 4090 est.
257 4062 301 4071 —
331 4027 439 4088 Octava
470 4026 594 4107 epistula
624 4026 729 4107 incipit
756 4047 772 4088 a
800 4026 913 4096 118,1
943 4023 1098 4104 Epistolcm
1126 4042 1191 4084 com
1219 4030 1250 4083 et
