2866 4626
550 233 884 298 —165--

184 433 244 473 non
268 413 451 491 accepimus;
490 414 587 492 itaque
614 421 846 471 consentaneum
874 421 927 483 est,
956 410 984 470 M
1016 430 1049 471 ex
1077 410 1251 471 Petrarcbae

184 518 352 597 apographo
386 536 450 577 esse
483 515 666 596 prolectum'.
723 513 787 574 Non
819 525 864 575 est
893 523 1140 586 consentaneum,
1174 513 1250 590 qnod

184 629 247 681 tota
283 621 339 682 ista
376 621 525 682 conclusio
563 619 711 681 claudicat.
770 618 816 678 llli
852 618 932 679 enim
969 617 1163 691 hnmanistae,
1201 617 1252 696 qui

182 725 376 804 appellantur,
400 743 492 784 novos
515 723 691 802 ignotosque
713 721 804 783 libros
828 722 1017 783 sectabantur
1034 720 1251 801 scriptoresque

183 828 348 906 incognitos
364 847 379 888 e
398 827 526 889 tenebris
542 827 571 887 in
595 827 690 887 lucem
710 844 810 886 vocare
825 825 997 886 studebant:
1022 844 1113 886 novos
1137 823 1251 885 codices

183 950 287 992 eorum
311 931 464 1005 librorum,
488 931 538 1011 qui
560 931 617 991 iam
642 929 672 990 in
695 929 790 990 lucem
808 928 901 990 vocati
917 937 1009 1002 erant,
1034 929 1127 991 multo
1153 927 1251 988 minus

183 1030 241 1091 illis
279 1031 397 1110 quidem
435 1030 656 1113 temporibus*)
690 1032 840 1094 curabant.
892 1033 993 1112 ltaque
1026 1033 1086 1106 fac,
1124 1030 1250 1109 aliquem

183 1134 304 1194 doctum
329 1134 422 1195 virum
447 1136 533 1214 paulo
556 1145 623 1216 post
639 1156 663 1198 a.
682 1136 763 1198 1352
786 1136 910 1197 alterum
934 1154 1035 1198 earum
1059 1133 1250 1215 epistularum

184 1237 334 1317 exemplar
367 1238 530 1300 invenisse:
566 1240 648 1302 l'acile
675 1241 772 1322 potuit
798 1239 871 1312 fieri,
906 1249 939 1300 ut
971 1239 996 1299 is
1023 1239 1073 1318 qui
1102 1239 1253 1298 invenerat

186 1349 303 1415 taceret,
338 1342 419 1403 facile
442 1343 540 1417 etiam,
575 1352 608 1404 ut
630 1345 654 1405 si
677 1345 724 1406 cui
747 1364 778 1405 se
800 1343 948 1405 invenisse
971 1343 1128 1423 scripserat
1150 1362 1182 1403 ea
1205 1361 1252 1402 res

184 1444 329 1505 oblivione
352 1444 536 1506 obrueretur.
554 1481 594 1488 -
612 1446 697 1518 ‘Quid
717 1446 808 1526 igitur
823 1448 968 1526 agendum
992 1444 1058 1508 est?
1082 1448 1147 1520 Quo
1165 1446 1251 1507 modo

184 1548 331 1627 quibusve
358 1548 521 1609 rationibus
551 1549 586 1609 de
614 1569 645 1610 re
669 1561 727 1611 tam
753 1551 830 1629 gravi
854 1560 973 1630 tamque
996 1550 1107 1611 dildcili
1129 1551 1251 1611 indicari

184 1672 271 1733 posse
298 1647 423 1732 putasl'
480 1652 596 1716 Scilicet
630 1655 731 1715 eodem
760 1655 848 1715 modo
882 1654 1045 1732 iisdemque
1078 1654 1251 1728 rationibus,

183 1756 291 1835 quibus
316 1765 406 1816 totam
431 1775 484 1816 nos
508 1774 569 1816 rem
603 1756 808 1818 tractavimus:
836 1757 978 1818 lectiones
1005 1777 1059 1818 nos
1084 1757 1253 1831 attulimus,

183 1871 217 1920 ut
260 1870 422 1940 appareret,
467 1867 611 1938 quantum
656 1870 734 1920 esset
778 1859 935 1921 discrimen
980 1862 1057 1921 inter
1094 1859 1175 1921 CWZ
1221 1870 1251 1922 et

182 1962 396 2037 nntonrna
418 1963 594 2026 lectionibus
619 1963 661 2023 usi
684 1982 797 2037 sumus,
822 1976 855 2026 ut
874 1963 1078 2045 probaremus,
1106 1973 1248 2043 qnantum

181 2065 334 2127 NHEORP
351 2085 366 2126 a
383 2067 429 2126 lls
447 2066 602 2139 distarent3
619 2066 689 2127 item
706 2067 910 2128 lectionibusa
927 2067 1004 2128 Petr.
1022 2088 1057 2128 ex
1072 2070 1250 2149 apographo,

180 2189 240 2231 non
264 2189 300 2230 ex
322 2170 420 2230 codice
443 2169 605 2231 Veronensi
615 2167 660 2244 **)
690 2169 784 2231 allatis
820 2170 936 2232 efficere
963 2171 1164 2246 studebimus,
1199 2173 1250 2253 qui

182 2273 347 2335 stemmatis
380 2273 462 2334 locus
496 2274 663 2354 apographo
697 2273 870 2335 tribuendus
904 2275 951 2335 sit.
1000 2274 1063 2347 Qua
1086 2275 1199 2336 ratione
1222 2276 1248 2337 si

179 2377 273 2457 liqui
297 2377 436 2457 epistulas
459 2378 494 2438 ad
518 2376 648 2441 Atticum
672 2376 800 2439 edendas
823 2387 967 2440 curarunt
988 2378 1034 2440 itsi
1058 2392 1166 2453 essent,
1189 2380 1247 2440 iam

180 2482 293 2561 pridem
317 2481 498 2542 intellectum
523 2489 610 2555 esset,
630 2483 817 2561 qnantumlll
841 2482 876 2543 ab
892 2482 1059 2563 apographo
1074 2482 1249 2544 Petrarcbae

180 2586 314 2659 distaret,
358 2595 388 2645 et
425 2584 627 2664 superstitiosa
673 2585 729 2646 ista
772 2585 946 2647 verecundia
983 2584 1091 2647 codicis
1128 2585 1249 2646 Medicei

181 2690 357 2751 evanuisset.

266 2788 326 2849 Nos
348 2788 414 2868 ipsi,
445 2807 512 2848 curn
542 2798 658 2867 tempus
683 2788 827 2861 deficeret,
859 2787 1032 2848 Petrarcbae
1066 2807 1152 2868 opera
1186 2805 1247 2848 non

181 2893 360 2973 perlegimus
384 2891 418 2952 ad
443 2893 514 2952 tales
542 2891 682 2952 lectiones
711 2891 940 2970 investigandam
974 2890 1073 2970 itaque
1106 2891 1141 2952 iis
1175 2890 1247 2952 locis

182 2997 304 3068 utimur,
327 3014 400 3073 quos
424 2995 578 3056 Viertelius
601 2995 668 3055 inde
691 3015 707 3055 a
729 3014 759 3075 p.
784 2994 823 3057 28
847 2993 1003 3073 congessit.
1034 2995 1106 3056 lllud
1129 3015 1247 3075 quoqne

180 3101 386 3171 admonemus,
410 3118 445 3159 ex
468 3099 503 3158 iis
527 3099 597 3159 locis
618 3118 692 3178 quos
710 3097 866 3158 Petrarcha
890 3097 1015 3158 strictim
1038 3098 1132 3178 tangit
1151 3117 1247 3178 neque

180 3204 213 3264 ad
256 3202 379 3263 verbum
419 3203 503 3276 citat,
553 3202 603 3263 sed
646 3202 730 3281 quasi
777 3201 944 3262 ornamenti
983 3201 1047 3263 loco
1085 3203 1120 3262 ad
1161 3220 1244 3262 suam

181 3307 342 3368 orationem
379 3306 578 3367 illustrandam
614 3306 706 3385 ponit,
742 3305 812 3365 nibil
846 3305 982 3366 concludi
1013 3324 1109 3384 posse.
1162 3304 1246 3366 Erret

179 3411 269 3490 igitur
301 3410 351 3488 qui
386 3429 420 3470 ex
454 3409 499 3470 nis
534 3409 629 3469 verbis
652 3409 827 3470 Petrarcbae
861 3408 911 3487 (cl.
935 3408 1051 3469 Viertel.
1075 3428 1102 3488 p.
1127 3407 1179 3478 30]
1208 3413 1246 3468 ‘et

182 3514 261 3594 quod
284 3513 361 3593 apud
386 3511 555 3573 Ciceronem
580 3512 717 3591 legimus:
740 3513 840 3573 nullate
854 3514 942 3591 fortis
956 3523 996 3573 est
1010 3512 1095 3583 locus,
1118 3515 1149 3573 in
1164 3531 1246 3593 quero

178 3617 392 3627 ———-

249 3651 274 3716 *)
304 3652 339 3701 lle
370 3650 559 3716 posterioribus
590 3651 760 3716 temporibus,
792 3651 883 3715 quibus
913 3651 1058 3701 Florentini
1088 3650 1245 3699 humanistae

179 3734 310 3797 vigebant,
330 3747 374 3781 nos
394 3748 442 3781 non
460 3732 565 3793 agimus.

246 3815 283 3877 *Ἴ
316 3813 438 3879 Quoniam
469 3815 627 3875 ignoramus,
659 3820 685 3863 et
714 3821 806 3878 quanta
837 3814 971 3876 diligentia
1001 3812 1070 3861 Petr.
1101 3813 1127 3861 in
1158 3814 1245 3862 codice

178 3897 347 3950 describendo
367 3911 427 3944 usus
447 3897 482 3944 sit
501 3902 527 3944 et
545 3903 605 3960 quot
624 3896 688 3944 locis
707 3910 744 3958 ea,
766 3910 830 3960 qnae
849 3896 874 3944 in
895 3896 950 3945 cod.
969 3894 1113 3946 Veronensi
1136 3895 1245 3958 invenit,

178 3979 361 4039 emendaverit,
382 3978 412 4026 de
431 3978 481 4027 isto
495 3978 548 4026 cod.
563 3976 703 4028 Veronensi
719 3994 766 4024 nivn
781 3977 950 4042 disputamns3
970 3993 1019 4025 non
1034 3991 1164 4040 numquam
1178 3977 1243 4026 enim

179 4063 214 4129 tit,
234 4070 263 4112 ut
281 4060 346 4111 nihil
365 4059 433 4109 scire
453 4059 597 4110 certissima
616 4060 651 4109 sit
669 4059 785 4109 scientia.
