2866 4626
558 246 869 309 —59..„-

182 420 309 482 editione
358 421 487 484 Romana
539 433 569 485 et
618 424 734 485 aliunde
783 425 957 498 hauserunt,
1013 443 1096 486 verae
1146 433 1243 486 autem

181 525 321 586 lectiones
373 527 409 588 ab
452 526 507 588 Α12
556 527 699 607 repositae
750 537 801 588 aut
852 546 886 588 ex
929 526 1060 588 Romana
1110 528 1245 589 videntur

181 631 328 710 proiectae
372 640 423 691 aut
465 631 633 693 coniectura
670 640 750 692 ortae
787 649 864 692 esse:
909 630 990 692 nullo
1026 630 1144 709 quidem
1181 632 1245 692 loco

181 733 237 792 ΑΗ
288 733 458 796 melioribus
508 735 657 797 codicibus
706 753 793 814 quam
840 733 1021 796 unflnnrlt
1069 753 1138 796 usas
1182 754 1246 796 esse

180 847 331 916 putamus.
598 832 601 836 ’

268 939 358 1002 Muto
381 941 464 1002 aliter
485 951 573 1020 atque
595 942 625 1002 iu
641 942 678 1003 Α]
694 953 725 1002 et
739 943 776 1003 dl
799 941 892 1002 resin
908 939 1038 1002 editione
1054 940 1245 1002 Cratandrina

180 1053 243 1104 acta
267 1054 327 1116 est·,
350 1063 417 1105 nam
441 1045 569 1125 primum
587 1045 745 1106 Cratander
766 1045 872 1106 multas
888 1063 924 1105 ex
939 1043 1089 1105 codicibus
1105 1043 1246 1105 lectiones

181 1147 211 1205 iu
235 1146 366 1224 margine
388 1148 500 1228 posuit:
523 1168 597 1229 quae
621 1148 759 1210 lectiones
783 1149 804 1210 C
826 1148 928 1228 quanti
954 1147 1153 1209 aestimandae
1177 1147 1245 1219 sint,

181 1259 261 1311 recte
284 1250 469 1314 Holmannus
491 1272 520 1333 p.
537 1252 577 1314 34
601 1272 665 1331 squ.
687 1251 816 1332 exponit.
853 1251 939 1325 Quod
962 1250 987 1312 si
1008 1250 1082 1313 istae
1104 1250 1246 1312 lectiones

180 1352 211 1414 in
250 1353 331 1415 libris
368 1354 404 1415 de
440 1354 548 1416 finibus
585 1375 600 1416 a
637 1355 779 1435 Madvigio
816 1356 902 1417 editis
939 1364 1073 1416 accurate
1111 1354 1248 1415 collectae

184 1466 465 1537 suntquamquam
500 1459 535 1520 ad
564 1479 615 1520 eos
648 1460 737 1521 libros
771 1459 966 1520 recensendos
999 1458 1128 1537 antiquis
1161 1467 1248 1537 atque

182 1560 267 1621 bonis
290 1561 448 1636 codicibus,
473 1562 611 1623 Palatinis
632 1564 655 1623 Α
678 1572 707 1623 et
731 1564 752 1624 B
774 1574 862 1642 atque
878 1562 1049 1639 Erlangensi
1069 1562 1101 1635 E,
1126 1560 1247 1630 utimur,

183 1664 278 1725 multo
301 1664 394 1744 pluris
417 1666 438 1727 C
461 1665 490 1726 in
519 1665 653 1747 epistulis
676 1667 711 1727 ad
734 1665 862 1727 Atticum
887 1664 1035 1726 faciendae
1063 1672 1149 1736 sunt,
1179 1683 1246 1725 curn

180 1785 285 1828 omnes
308 1767 422 1829 codices
444 1768 495 1847 qui
518 1776 633 1829 exstant
654 1778 770 1850 praeter
796 1769 959 1847 fragmenta
983 1767 1248 1847 Wurceburgensia

182 1871 247 1932 XIV
271 1871 317 1932 vel
339 1871 386 1932 XV
411 1871 527 1932 saeculo
554 1872 655 1951 scripti
678 1873 746 1932 sint.
793 1872 849 1934 Sed
873 1872 902 1932 iu
925 1870 989 1933 istis
1012 1870 1188 1932 lectionibus
1210 1891 1248 1933 ue

183 1974 255 2054 qnid
277 1993 333 2035 nos
347 1975 427 2036 fallat
443 1993 545 2053 magua
569 1976 664 2036 cautio
681 1975 843 2036 adhibenda
859 1985 919 2036 est:
943 1993 1030 2053 quam
1048 1974 1131 2036 facile
1147 1984 1247 2037 autern

180 2078 328 2151 fallamur,
362 2078 461 2158 paucis
494 2078 713 2159 explicabimus.
746 2079 799 2138 lle
828 2077 936 2139 finibus
959 2079 985 2138 ll
1004 2081 1022 2153 §
1042 2079 1083 2140 56
1106 2079 1177 2139 haec
1202 2089 1248 2141 est

185 2181 314 2242 difficilis
336 2181 481 2243 sententia
503 2180 550 2243 Sic
572 2193 662 2243 vester
683 2186 794 2261 sopiens
815 2201 919 2262 mopno
941 2182 1036 2263 aliquo
1060 2183 1250 2244 emolumento

185 2295 339 2347 commotus
360 2304 424 2346 cnm
451 2304 539 2346 censu
559 2289 586 2348 si
607 2305 676 2366 opus
698 2291 752 2347 crit
774 2286 927 2357 dimicabit,
961 2285 991 2346 in
1020 2305 1077 2366 qua
1110 2285 1180 2365 quid
1210 2287 1250 2348 sit

184 2407 250 2450 cnm
272 2407 359 2449 cauca
380 2388 501 2449 dubium
526 2400 572 2449 est
592 2408 688 2467 neque
715 2408 770 2449 nos
797 2389 940 2468 explicare
967 2408 1142 2470 possumus:
1177 2390 1248 2451 illud

184 2502 299 2553 certum
315 2501 369 2565 est,
392 2492 450 2551 ΑΒ
474 2492 581 2552 habere
604 2512 669 2553 ιιιηι
691 2512 786 2567 ceusu,
810 2493 971 2554 Ceandem
995 2492 1149 2555 lectionem
1174 2513 1249 2572 quae

183 2604 229 2656 est
262 2594 293 2655 in
326 2594 520 2656 deterioribus
548 2596 697 2657 codicibus
732 2600 824 2658 enimi
852 2616 947 2658 catoso.
1002 2597 1072 2657 Mira
1112 2607 1157 2658 est
1194 2598 1248 2658 ista

186 2698 332 2760 dissensio
359 2699 437 2759 inter
459 2698 569 2779 Α-Ι-Β
592 2711 622 2760 et
645 2701 674 2773 C,
708 2699 848 2779 quoniam
878 2699 979 2761 multis
1005 2700 1101 2780 iisque
1130 2700 1249 2780 optimis

185 2801 361 2863 lectionibus
385 2812 513 2882 apparet,
549 2802 747 2881 Cgemellum
782 2823 846 2864 esse
877 2803 1011 2865 codicum
1035 2803 1248 2865 Palatinorum:

187 2905 266 2967 unde
289 2905 378 2983 igitur
400 2906 455 2966 ista
479 2906 645 2968 coniectura
668 2942 709 2948 —
733 2925 800 2967 nam
825 2912 917 2968 animi
937 2927 1024 2969 consa
1051 2907 1248 2969 coniecturam

183 3028 250 3069 esse
265 3018 343 3070 recte
360 3008 519 3088 Madvigius
535 3010 677 3071 intellexit
693 3045 732 3052 -—
749 3012 778 3070 in
794 3010 923 3072 codicem
941 3011 1092 3072 Cratandri
1108 3008 1249 3093 irrepsit?

185 3112 251 3174 Erit
273 3111 324 3190 qui
347 3113 480 3186 coniciet,
504 3113 656 3174 Cratandri
679 3113 810 3175 codicem
834 3133 869 3174 ex
892 3115 994 3175 eodem
1019 3124 1139 3194 parente
1162 3124 1250 3194 atque

183 3214 261 3295 Α-Ι-
275 3215 298 3275 Β
320 3217 494 3295 protectum,
525 3224 592 3295 post
619 3225 718 3299 autern
746 3216 870 3279 lectione
893 3237 926 3279 ex
950 3217 1145 3279 deterioribus
1168 3218 1249 3280 codi-

183 3319 269 3380 cibus
292 3319 396 3379 bausta
426 3330 598 3398 corruptum
623 3339 696 3380 esse.
741 3320 821 3393 Quae
856 3321 1022 3382 coniectura
1056 3340 1145 3400 quam
1179 3321 1250 3383 falsa

183 3423 232 3495 sit,
256 3423 333 3483 idem
357 3421 440 3482 facile
462 3423 623 3502 intelleget,
651 3424 674 3482 si
698 3423 842 3485 editiones
864 3425 1054 3486 bscensianas
1077 3423 1250 3505 inspexerit,

183 3534 307 3588 namet
334 3525 370 3584 Α1
403 3535 432 3585 et
458 3524 495 3584 Aa
529 3525 559 3585 in
594 3526 723 3604 margine
756 3527 865 3588 babent
897 3533 988 3590 animi
1018 3547 1119 3599 censa,
1152 3529 1250 3607 itaque

182 3628 376 3693 Cratandrina
409 3629 496 3690 editio
530 3628 618 3690 istam
647 3630 802 3691 lectionem
837 3650 872 3691 ex
893 3631 931 3691 Α1
954 3641 984 3693 et
1005 3631 1041 3692 A'
1065 3632 1185 3711 accepit.
1208 3667 1249 3676 —

182 3733 229 3795 td
252 3733 311 3794 dtt.
326 3731 366 3792 XI
384 3734 465 3805 17‚1
491 3732 520 3793 P.
548 3743 629 3795 tuctu
662 3752 693 3794 eo
714 3753 759 3795 mc
780 3733 810 3794 iu
833 3734 983 3796 codicibus
1005 3734 1162 3796 invenitur.
1207 3735 1250 3795 Ex

181 3838 214 3899 P.
233 3847 314 3898 tante
327 3835 483 3914 Malaspina
504 3834 738 3914 ingeniosissime
758 3856 791 3896 ac
810 3837 974 3899 rectissime
989 3837 1092 3900 Putate
1106 3838 1251 3914 restituit;

180 3940 285 4003 lA²c
316 3938 425 4000 habent
457 3938 578 4000 eandem
612 3939 767 4000 lectionem
797 3941 828 4002 P.
850 3952 944 4014 tante,
979 3942 1000 4003 C
1029 3960 1097 4002 vero
1130 3942 1251 4022 praebet

180 4042 286 4106 Pudet.
332 4041 415 4104 Unde
450 4042 567 4103 tandem
602 4041 680 4103 istud
707 4042 796 4105 Ptcdct
823 4043 981 4105 Cratander
1013 4041 1136 4107 bausit?
1168 4044 1194 4106 si
1215 4064 1250 4106 ex
