2866 4626
543 240 878 304 ——203—

179 442 232 482 nos
261 421 334 481 nihil
363 420 557 490 incitavimus3
591 438 658 479 uam
686 418 705 479 d
733 437 818 498 saepe
849 418 878 478 iu
910 417 1059 479 codicibus
1094 416 1243 478 omittitur

179 545 274 604 neque
297 525 332 597 is,
356 525 406 603 qui
428 542 481 604 pro
497 528 566 586 ortis
580 524 610 584 in
627 532 708 585 textu
725 522 808 603 ponit
829 523 927 592 bortis,
950 521 1117 582 coniectura
1141 520 1243 581 utitur.

180 629 242 689 Hoc
279 628 391 699 dubito,
431 637 531 690 utrum
566 628 647 688 beros
680 645 717 687 au
751 619 836 708 ἥρως
869 625 1057 686 scribendum
1092 624 1145 697 sit3
1176 639 1244 684 uam

180 733 289 803 Cicero,
314 731 338 792 si
361 731 479 811 quidem
504 731 654 792 codicibus
677 730 707 790 iu
732 729 780 790 tali
796 748 828 790 re
844 730 916 790 tides
932 728 1065 790 habenda
1088 736 1142 798 est,
1165 728 1246 790 beros

180 835 297 914 scripsit
320 835 354 895 ad
378 836 531 908 Attll7,
548 835 576 905 9,
600 835 637 895 lV
653 834 681 909 3,
699 834 727 907 5,
749 833 912 906 xtvmt
939 840 969 892 et
983 825 1068 913 ἥρως
1083 831 1132 891 Vll
1150 830 1199 904 13,
1217 832 1246 904 1,

180 938 243 999 XlV
259 939 288 1007 4,
305 938 333 1010 2,
348 917 398 998 xv'
417 939 465 1012 12,
482 939 515 999 2:
539 958 574 999 ex
593 947 716 1017 utraque
732 956 800 998 vero
824 955 894 997 voce
909 955 972 998 eros
987 934 1071 996 facile
1088 934 1244 996 oriebatur.

265 1042 332 1102 Xlll
356 1043 385 1116 6,
402 1044 430 1103 4.
465 1049 499 1103 ÷
523 1042 647 1122 Operum
670 1053 750 1105 tuum
772 1041 904 1109 multem,
938 1045 989 1121 qur·
1019 1049 1045 1101 ct
1073 1038 1140 1100 doec
1166 1057 1247 1101 cures
1278 1074 1282 1080 ·

182 1158 208 1208 et
229 1165 293 1207 meu
323 1148 456 1226 cupediae
488 1158 514 1207 ct
540 1151 579 1209 sis
606 1151 638 1207 iu
671 1148 726 1208 tuis
758 1146 847 1207 multo
881 1148 976 1205 miuus
1008 1143 1127 1222 diligens
1160 1160 1247 1222 parom

180 1253 212 1310 iu
233 1255 310 1311 meis.

267 1352 297 1414 C.
322 1353 353 1414 F.
377 1352 422 1414 W.
445 1353 602 1414 Muellerus
636 1351 666 1411 iu
702 1350 784 1413 Coni.
820 1351 896 1412 Tull.
927 1371 955 1430 p.
983 1351 1020 1410 14
1065 1348 1245 1422 Ciceronem,

182 1457 360 1534 ubicumque
387 1455 416 1516 in
445 1456 635 1516 exclamando
669 1455 867 1516 accusativum
901 1453 945 1515 rei
979 1463 1076 1534 ponat,
1116 1453 1142 1515 Ο
1178 1461 1247 1514 ante

181 1579 244 1620 eam
291 1578 352 1620 rem
398 1559 533 1640 posuisse
584 1559 736 1621 contendit
784 1567 889 1637 atque,
947 1557 1128 1636 ubicumque
1177 1556 1248 1618 illud

182 1664 289 1724 Onon
318 1662 500 1734 inveniatur,
535 1663 704 1724 coniectura
738 1661 928 1724 inserendum
957 1670 1067 1722 censet.
1113 1658 1248 1722 Hominis

182 1766 343 1827 doctissimi
379 1766 532 1837 rationem,
567 1766 621 1827 etsi
645 1766 760 1827 Bnitero
787 1765 904 1847 probari
933 1764 1114 1838 videbamus,
1150 1772 1247 1825 tamen

181 1890 235 1931 uos
258 1870 340 1931 initio
364 1869 540 1931 reiciendum
564 1869 816 1942 existimavimus3
845 1879 939 1931 artem
962 1869 1040 1930 enim
1064 1867 1247 1940 statisticam

183 1982 215 2034 ut
251 1973 290 2034 ita
328 1973 435 2047 dicam,
474 1974 590 2035 odimus
630 1993 726 2054 neque
765 1974 833 2035 inde
869 1972 996 2034 multum
1032 1973 1066 2033 ad
1101 1971 1249 2033 Ciceronis

183 2096 349 2139 sermonem
384 2078 625 2139 constituendum
660 2077 770 2140 hauriri
802 2097 888 2159 posse
920 2085 1069 2158 putamus.
1113 2075 1187 2136 Nem
1217 2083 1250 2136 ut

182 2181 291 2252 Livius,
304 2181 422 2242 Tacitus
435 2181 540 2261 aliique
554 2182 712 2262 scriptores
725 2182 840 2244 dicendi
853 2200 959 2261 genere
972 2200 1057 2262 saepe
1073 2189 1200 2242 utuntur
1213 2178 1249 2239 ad

185 2303 319 2345 normam
344 2285 534 2363 regulamque
557 2285 668 2347 directo
691 2295 779 2366 atque
813 2286 901 2347 certis
928 2285 1040 2363 legibus
1067 2283 1250 2363 vinculisque

183 2388 352 2459 constricto,
376 2387 415 2448 ita
439 2387 548 2461 Cicero,
571 2388 681 2450 arbiter
702 2389 750 2450 ille
771 2389 994 2470 potentissimus
1018 2387 1166 2459 orationis,
1189 2395 1249 2448 tam

184 2492 274 2553 libere
310 2501 428 2571 tamque
463 2492 557 2552 solnte
590 2492 620 2552 iu
654 2492 810 2555 scribendo
843 2503 986 2565 versatur,
1021 2501 1054 2554 ut
1088 2491 1248 2553 cavendnm

185 2606 335 2677 putemus,
358 2615 394 2656 ne
418 2595 467 2656 tali
490 2595 600 2656 ratione
623 2595 685 2676 ipse
701 2596 801 2659 Cicero
816 2598 916 2679 potius
931 2605 1138 2677 corrumpatur
1160 2613 1248 2675 quam

185 2700 347 2761 scribarum
372 2718 487 2761 errores
510 2698 702 2778 corrigantur.
741 2700 817 2762 Sane
833 2700 916 2762 facile
931 2710 977 2763 est
999 2702 1037 2762 ita
1062 2700 1249 2762 concludere:

185 2803 303 2882 ‘Viginti
337 2803 408 2864 locis
436 2803 536 2864 Cicero
569 2804 625 2865 boc
656 2803 798 2866 vocabulo
833 2804 941 2882 utitur3
976 2824 1034 2867 uno
1067 2806 1131 2865 loco
1164 2801 1250 2864 lectio

185 2907 339 2981 abborret3
376 2925 438 2984 age,
477 2906 658 2985 corrigamus
695 2917 783 2988 atque
820 2908 968 2971 Ciceronis
1006 2927 1098 2988 genus
1135 2906 1250 2968 dicendi

186 3009 365 3089 sequamur'.
416 3009 509 3071 l'acile
539 3010 578 3071 ita
606 3011 793 3073 concluditur
824 3031 920 3092 neque
954 3032 1021 3074 vero
1054 3020 1147 3085 recte3
1180 3029 1248 3072 nam

187 3123 245 3173 tam
271 3114 394 3174 Proteus
417 3113 517 3175 Cicero
541 3114 638 3176 estin
662 3114 793 3176 oratioue
816 3115 961 3184 varianda,
990 3124 1023 3176 ut
1051 3124 1163 3177 certum
1187 3116 1250 3176 eius

190 3236 283 3294 genus
306 3217 421 3278 dicendi
444 3217 560 3297 saepius
584 3237 643 3279 non
666 3219 749 3280 facile
771 3220 1016 3299 deprehendatur.

272 3321 308 3382 Et
331 3330 429 3382 tamen
456 3329 486 3382 et
513 3341 566 3382 nos
600 3341 713 3384 errasse
745 3333 774 3384 et
801 3322 973 3385 Muellerum
1001 3331 1080 3385 recte
1107 3322 1252 3383 iudicasse

146 3456 149 3463 ι
187 3425 314 3502 ingenue
338 3426 524 3487 confitemur.
570 3424 648 3486 Nihil
676 3426 823 3505 estquod
851 3445 886 3486 ex
912 3427 976 3488 aliis
1000 3424 1148 3490 Ciceronis
1169 3424 1251 3486 libris

187 3529 266 3588 locos
290 3528 472 3601 adferamus3
507 3528 648 3590 sescentis
678 3529 757 3590 enim
784 3529 856 3590 locis
882 3530 954 3592 illud
978 3531 1003 3591 0
1025 3530 1190 3599 inventum
1215 3547 1252 3591 ue

187 3632 216 3692 id
248 3632 366 3711 quidem
395 3651 673 3705 commemoramus,
703 3633 729 3695 Ο
756 3633 785 3693 in
811 3635 854 3696 eis
875 3634 972 3707 libris,
1001 3634 1052 3713 qui
1080 3633 1252 3696 melioribus

188 3736 336 3797 codicibus
360 3738 505 3810 nituntur,
532 3737 614 3798 nullo
642 3738 706 3799 loco
733 3737 877 3800 omissum
906 3757 979 3811 esse,
1008 3746 1109 3799 contra
1132 3737 1162 3799 in
1185 3757 1251 3818 epp.

186 3839 221 3899 ad
259 3840 401 3910 Atticum,
447 3859 521 3919 quas
559 3841 633 3903 male
669 3841 791 3903 traditas
825 3861 890 3903 esse
924 3840 1096 3922 opinamur,
1135 3841 1251 3921 saepius

188 3942 357 4003 desiderari.
411 3943 473 4004 Hoc
506 3944 584 4005 dico:
622 3945 778 4007 Muellerus
815 3955 845 4007 et
881 3956 960 4007 recte
993 3945 1019 4007 Ο
1056 3945 1085 4006 in
1123 3943 1252 4033 Mediceo

188 4048 331 4108 omissum
361 4067 425 4108 esse
452 4049 603 4110 contendit
636 4057 666 4111 et
698 4049 899 4131 compluribus
930 4049 1002 4111 locis
1035 4048 1252 4111 coniecturaO
