2866 4626
542 270 878 333 -128—

179 449 208 511 in
225 448 389 520 Germania,
413 467 500 527 quem
525 447 631 509 Beatus
654 447 813 509 Rhenanus
836 447 914 526 legit,
937 457 967 508 et
983 447 1142 508 Cratander
1166 447 1248 507 vide·

178 559 228 612 tur
251 560 379 624 secutus,
408 559 438 612 et
460 551 489 611 hi
512 570 639 631 quoque,
662 562 697 612 ut
718 561 847 631 apparet,
871 549 1023 624 dimidiati,
1051 560 1081 612 et
1102 550 1247 632 corrupti,

178 675 214 717 er
247 654 291 715 his
325 654 442 715 difficile
475 662 566 725 esset,
601 654 645 714 vel
667 654 765 734 potius
789 655 873 734 plane
897 649 1060 715 ἀδύνατον
1082 653 1121 715 ita
1145 653 1248 714 omnia

178 759 343 832 restituere,
360 768 393 820 ut
409 756 482 819 nibil
498 756 696 818 desiderares'.
721 757 861 837 Quisquis
878 776 1012 819 severum
1027 757 1148 818 Corradi
1164 756 1247 835 inge-

179 863 261 924 nium
279 872 309 924 et
324 861 464 924 iudicium
486 861 635 940 cognitum
653 861 780 939 habebit,
805 862 922 924 doctum
940 861 1091 923 bominem
1108 860 1144 921 de
1159 860 1248 921 Reato

178 966 320 1027 Rhenano
344 984 406 1026 rem
430 963 550 1026 finxisse
573 984 630 1025 non
654 966 766 1027 credet:
795 985 849 1027 nos
872 985 939 1027 cum
964 984 1023 1026 non
1048 965 1247 1035 crederemus,

177 1067 285 1130 librum
324 1067 606 1149 praeclarissimum,
643 1069 694 1149 qui
731 1069 902 1132 inscribitur
939 1067 1159 1129 ‘Brielvvechsel
1197 1065 1247 1127 des

180 1171 286 1233 Beatus
333 1172 502 1233 Rhenanus.
568 1173 747 1234 Cesammelt
795 1174 855 1234 und
904 1171 1142 1250 berausgegeben
1193 1189 1248 1230 von

179 1274 227 1336 Dr.
244 1274 382 1335 Adalbert
404 1275 547 1336 Horavvitz
572 1277 631 1337 und
654 1276 702 1337 Dr.
720 1279 788 1339 llarl
811 1274 983 1338 Hartfelder’
1007 1275 1117 1354 quique
1134 1272 1248 1353 Lipsiae

181 1400 205 1440 a.
225 1379 306 1440 1886
329 1380 447 1459 prodiit,
482 1379 642 1441 evolvimus
664 1380 694 1441 in
718 1400 811 1461 eoque
835 1381 905 1442 baec
928 1378 1104 1440 invenimus.
1151 1374 1247 1437 Pridie

182 1482 243 1544 ttat.
260 1482 326 1544 Dea.
343 1502 368 1543 a.
391 1482 468 1543 l527
485 1484 525 1544 lo.
543 1483 712 1546 Huttichius
727 1486 757 1545 in
774 1504 806 1545 ea
823 1485 956 1564 epistula,
980 1501 1054 1562 quae
1070 1489 1117 1542 est
1132 1499 1160 1561 p.
1177 1478 1246 1551 372,

181 1587 252 1647 haec
275 1585 388 1647 scribit:
425 1585 584 1667 ‘Scripsisti
618 1591 661 1648 mi
681 1587 774 1659 Reate,
809 1590 843 1650 de
865 1584 1087 1668 incomparabili
1108 1583 1246 1645 librorum

182 1690 323 1761 thesauro,
337 1708 418 1770 quem
431 1690 568 1752 attulerat
578 1689 743 1752 Sicbardus.
765 1691 839 1761 Vide,
855 1710 890 1751 ne
902 1696 1030 1770 imponat
1041 1690 1245 1767 inscriptiones,

180 1802 214 1854 ut
236 1812 301 1854 cum
315 1791 446 1875 Ptruppo
469 1804 496 1855 et
513 1793 653 1856 Clemente
675 1796 792 1873 fecerat.
831 1793 873 1856 De
889 1796 1038 1856 Ammiano
1059 1810 1119 1853 nan
1142 1790 1245 1860 dubito,

182 1899 253 1977 quin
266 1896 379 1976 phrasis
393 1898 530 1958 iudicium
544 1898 643 1976 saciat,
665 1917 701 1958 ne
715 1899 766 1977 siut
781 1901 948 1976 impostura.
983 1895 1145 1957 laridanda
1160 1903 1246 1956 essent

182 2001 304 2062 bominis
325 2002 449 2063 studium
472 2011 499 2062 et
522 2001 612 2072 labor,
634 2004 660 2062 si
680 2019 741 2061 rem
764 2020 824 2061 non
847 2011 941 2080 uperet
962 1999 1066 2061 suom'.
1083 2034 1125 2043 -
1142 1999 1245 2059 Beatus

183 2102 341 2182 Rhenanus
375 2103 403 2164 in
434 2108 524 2184 praet.
552 2104 587 2164 ad
623 2103 781 2165 editionem
805 2103 976 2165 Tertulliani
1009 2103 1141 2175 alteram,
1176 2118 1245 2180 quae

183 2206 293 2287 prodiit
317 2206 598 2280 liasileaea.1528,
630 2209 700 2268 lraec
723 2207 826 2269 scribit
849 2209 889 2287 (p.
908 2206 983 2286 376)
1006 2204 1107 2266 ‘Porro
1131 2205 1245 2266 libenter

183 2310 353 2371 addidissem
388 2329 502 2372 carmen
527 2309 697 2372 Tertulliani
727 2313 759 2372 de
793 2311 982 2372 Sodomorum
1015 2309 1244 2387 constupratione,

185 2412 259 2492 qnod
276 2413 390 2492 pridem
413 2412 533 2475 loanrses
548 2413 704 2476 Sicbardus
726 2427 821 2477 noster
843 2419 873 2475 in
887 2413 1129 2475 laurisbeimensi
1150 2412 1246 2474 biblio·

182 2516 260 2577 tbeca
281 2521 395 2594 reperit,
430 2501 486 2598 pua
506 2518 598 2588 trulla,
633 2519 707 2598 qnod
728 2523 826 2588 sciam,
850 2521 992 2597 praenimis
1013 2517 1115 2579 seculis
1136 2518 1245 2596 nuspiam

184 2619 262 2681 bonas
295 2621 445 2682 autoribus
475 2623 534 2700 fuit
566 2625 741 2692 instructior,
779 2622 1014 2700 quemadmodum
1047 2630 1128 2681 aetus
1161 2620 1246 2681 indm

185 2733 314 2794 testatur,
338 2708 451 2802 optima*
465 2725 520 2804 fide
539 2723 702 2804 propediem
724 2728 754 2785 in
777 2725 869 2786 iucem
890 2729 1031 2794 editurus,
1053 2735 1087 2785 ut
1103 2732 1246 2805 appareat,

186 2837 325 2906 qnantum
351 2827 501 2888 discrimen
528 2827 629 2889 adierit
660 2826 820 2906 respublica
848 2828 978 2889 literaria
1003 2832 1033 2889 in
1060 2832 1121 2889 eius
1150 2827 1247 2888 biblio·

185 2931 278 2992 tbecae
305 2933 493 3011 dissipatione.
535 2929 678 2992 Carminis
703 2933 807 2991 initum
830 2927 881 3009 (i)
903 2942 944 2994 est
960 2976 1065 2994 .....
1104 2929 1163 2991 Sed
1185 2931 1248 3011 qaia

184 3036 430 3097 mendosissimum
451 3044 516 3096 erat
537 3044 562 3094 et
584 3038 692 3096 amicus
714 3034 761 3095 ille
783 3044 887 3105 noster,
912 3040 960 3114 aui
973 3038 1086 3113 reperit,
1109 3051 1173 3094 una
1188 3050 1250 3095 cum

185 3139 310 3218 proliaco,
344 3156 445 3200 oerum
471 3154 612 3218 perquam
639 3138 762 3218 elepanti
789 3141 915 3199 carmine
940 3136 1078 3199 Victorini
1099 3137 1193 3216 dpirri
1217 3137 1249 3197 de

186 3243 365 3306 Muababaeis
393 3252 418 3303 et
445 3247 511 3303 item
539 3242 604 3303 aliis
630 3244 778 3303 uetustatis
803 3243 973 3320 fragmentis
1001 3242 1081 3303 brevi
1103 3241 1252 3302 aeditnras

186 3359 238 3419 est,
272 3364 331 3407 non
365 3346 445 3407 libuit
465 3365 540 3408 ,eam
574 3346 736 3407 coronidem
767 3364 846 3407 nnnc
879 3345 1019 3407 adiicere’.
1043 3380 1084 3387 --
1120 3343 1251 3424 Denique

189 3450 320 3512 Sicbardi
348 3449 527 3510 mentionem
544 3449 650 3509 lleatus
677 3450 745 3509 lacit
771 3448 799 3508 in
828 3449 951 3528 epistula
978 3469 1002 3509 a.
1020 3449 1047 3509 d.
1064 3448 1104 3508 lll
1120 3449 1184 3509 llal.
1200 3448 1251 3509 lul.

187 3574 211 3614 a.
236 3553 315 3613 1531
352 3552 386 3613 ad
411 3552 576 3613 Gabrielum
599 3552 828 3631 Humelbergunv
861 3553 926 3613 data
950 3552 990 3632 (p.
1008 3551 1083 3628 398)
1107 3551 1251 3614 ‘Miseram

187 3667 251 3718 aute
275 3656 418 3717 biennium
439 3655 577 3718 Sicbardo
599 3675 663 3716 mea
683 3657 856 3736 srapmenta,
879 3657 928 3717 sed
950 3660 1064 3717 interim
1086 3673 1252 3735 respmssum

187 3761 302 3821 necllum
325 3761 359 3821 ab
384 3778 415 3821 eo
437 3764 536 3839 recepi,
559 3778 609 3819 nec
631 3758 683 3818 ubi
704 3759 828 3820 locorum
851 3777 928 3820 nrrna
944 3769 1018 3839 aad,
1040 3758 1132 3820 naoi'.
1150 3794 1191 3802 -
1213 3757 1253 3817 Ex

188 3863 221 3923 iis
244 3882 318 3942 quae
341 3862 425 3924 attuli
448 3872 567 3942 apparet
584 3861 757 3922 Sicbardnm
781 3881 812 3923 re
835 3882 901 3924 vera
918 3863 1003 3943 paulo
1026 3872 1093 3922 ante
1117 3881 1144 3923 a.
1163 3860 1252 3923 1528.

188 3985 246 4045 quo
269 3985 345 4027 arrno
363 3967 439 4027 Crat.
456 3965 606 4025 Ciceronis
630 3984 717 4045 opera
741 3965 840 4039 edidit,
864 3965 977 4026 codices
1000 3965 1145 4044 quosdam
1168 3967 1252 4025 beato

188 4069 330 4130 lllrenano
350 4080 401 4130 aut
416 4069 581 4129 vendidisse
597 4078 647 4129 aut
662 4071 863 4131 commodasse
878 4070 1062 4148 eundemque
1080 4069 1251 4131 Sicbardnm
