2866 4626
545 273 744 334 ---164
791 305 879 314 --

177 451 259 511 facile
282 460 403 530 apparet
426 468 521 528 neque
545 448 672 510 dubitari
695 458 802 529 potest,
837 447 907 526 quio
939 445 1147 506 emendatione
1176 465 1252 525 opus

177 554 231 614 sit:
254 552 324 613 illud
348 555 549 631 quaerendum
574 563 645 626 erat,
668 571 727 632 quo
746 551 832 611 modo
850 551 934 610 verba
951 548 1135 610 emendanda
1152 559 1252 609 essent

178 666 266 735 atque
284 656 412 730 audaci,
436 657 487 737 qui
503 658 715 717 emendaturus
739 664 810 725 erat,
833 653 949 715 initium
967 653 1143 733 capiendum
1162 662 1250 713 esset.

176 759 216 819 lle
242 764 376 839 momiano
411 760 483 819 nihil
519 760 598 834 dieo;
632 759 703 819 illud
738 765 867 838 apparet,
897 777 965 817 cum
1001 757 1030 816 in
1066 755 1252 816 Turnesiauo

178 861 341 943 Pompeium
364 863 455 923 fuisse
479 873 508 923 et
531 862 636 922 Rosius
659 872 689 923 et
712 860 872 921 Lambinus
903 869 993 920 testes
1029 858 1089 920 sint
1124 879 1252 938 crnnque

176 966 252 1026 idem
292 967 475 1026 accusativus
520 965 806 1045 apudfllliomedem
846 963 1029 1036 inveniatur,
1074 963 1249 1024 vocabulum

177 1067 340 1149 Pompeium
377 1088 436 1128 non
468 1087 532 1128 esse
560 1068 775 1148 temptandum.
821 1067 932 1126 Tamen
967 1076 1047 1128 tanta
1081 1067 1139 1128 fuit
1169 1087 1250 1127 vere-

178 1173 283 1233 cundia
313 1171 420 1233 codicis
444 1171 574 1245 Medicei,
600 1181 632 1232 ut
657 1171 765 1231 Meilius
790 1170 834 1229 vir
857 1169 1063 1248 sagacissimus
1080 1179 1250 1250 contempta

176 1274 325 1335 Diomedis
360 1294 427 1335 oum
461 1274 645 1335 Turnesiauo
679 1275 873 1334 consensione
905 1272 1053 1334 Diomedis
1088 1274 1177 1334 verba
1216 1274 1251 1333 ad

180 1396 314 1438 normam
340 1377 461 1438 Medicei
486 1379 667 1439 emendanda
693 1398 756 1438 esse
780 1378 921 1438 erederet.
950 1411 991 1421 —
1019 1376 1056 1437 VI
1083 1377 1169 1448 1‚25
1201 1377 1253 1438 llic

184 1481 284 1541 Vedius
307 1485 382 1540 verrit
404 1482 476 1542 anabi
496 1483 607 1542 obviam
625 1502 688 1542 carm
705 1482 814 1542 (luobus
836 1482 952 1552 essedis3
975 1480 1014 1540 ita
1030 1480 1068 1555 M,
1092 1481 1144 1560 qni
1162 1481 1252 1541 codex

179 1593 241 1643 tum
268 1583 362 1644 medio
385 1584 459 1644 XW.
484 1585 599 1645 saeculo
623 1585 751 1664 scriptus
778 1602 843 1644 esse
867 1584 1042 1663 putabatur3
1077 1594 1107 1645 at
1132 1585 1177 1658 W,
1201 1585 1251 1664 qui

179 1687 228 1747 xt.
245 1688 289 1746 vel
304 1687 367 1747 XM.
385 1688 500 1748 saeculo
516 1690 643 1768 scriptus
660 1697 714 1760 est,
737 1689 807 1748 inibi
827 1688 938 1748 odotem
952 1691 1036 1748 carrd.
1066 1688 1145 1760 Quid
1161 1684 1252 1765 ergo?

182 1789 245 1850 Utri
291 1790 383 1850 codici
427 1792 588 1872 parendum
635 1811 700 1851 esse
742 1786 879 1852 ridetur?
924 1790 996 1851 Nam
1042 1810 1140 1870 neque
1180 1791 1252 1852 ratio

185 1913 280 1973 neque
302 1893 419 1972 linguae
446 1895 564 1956 latinae
587 1894 690 1975 peritia
715 1895 792 1968 lacit,
827 1905 860 1954 ut
882 1895 965 1955 alteri
988 1895 1106 1956 lectioni
1130 1895 1251 1956 alteram

182 2000 390 2059 anteferamus.
435 1998 546 2059 Tamen
569 1997 708 2079 philologi
731 1998 859 2058 Mediceo
882 2008 1054 2078 paruerunt,
1081 1999 1117 2058 W
1141 1999 1250 2060 reiece-

179 2111 265 2170 runt,
311 2101 396 2163 euius
432 2102 586 2163 lectionem
627 2112 655 2163 et
689 2101 736 2162 bie
769 2110 798 2162 et
830 2101 893 2163 aliis
927 2102 998 2162 locis
1039 2110 1152 2163 rectam
1189 2122 1253 2162 esse

179 2223 259 2264 aluno
275 2207 304 2265 Σ
317 2207 434 2285 probat:
460 2205 540 2284 atqui
564 2224 725 2284 numquam
743 2205 845 2266 debuit
860 2205 982 2266 dubium
1000 2224 1074 2278 esse,
1097 2205 1128 2265 in
1148 2205 1253 2265 talibus

179 2309 267 2368 rebus
291 2308 326 2367 W
350 2311 489 2369 maiorem
514 2309 622 2370 habere
644 2310 847 2369 auctoritatem
873 2329 959 2390 quarn
985 2309 1022 2370 M.

265 2413 337 2473 Cum
377 2432 458 2474 trane
501 2422 617 2474 constet
649 2412 676 2471 Μ
713 2413 749 2472 ab
786 2413 850 2494 ipso
888 2414 1044 2474 Petrarclra
1083 2432 1144 2473 uon
1189 2431 1252 2472 esse

182 2515 335 2593 scriptum.
362 2516 493 2577 mirabile
516 2517 641 2589 videtur,
665 2525 775 2576 tantam
801 2537 940 2596 uniquam
964 2516 1093 2578 Mediceo
1123 2516 1251 2577 auctori·

182 2627 269 2679 tatem
296 2619 435 2680 tributam
460 2639 535 2680 osse.
580 2619 765 2698 Quamquam
790 2621 846 2680 erit
868 2621 918 2699 qui
941 2621 977 2693 M,
1013 2620 1069 2681 etsi
1098 2621 1163 2700 ipse
1186 2638 1250 2680 eum

183 2720 259 2782 Petr.
283 2741 342 2781 non
370 2723 545 2797 exaraverit,
570 2733 667 2783 tamen
692 2742 707 2783 e
730 2724 829 2784 codice
851 2724 1011 2784 Veronensi
1036 2724 1080 2784 vel
1103 2724 1205 2804 potius
1220 2743 1253 2783 ex

182 2845 216 2885 eo
246 2827 426 2906 apographo
461 2828 538 2906 quod
574 2827 637 2906 ipse
669 2826 749 2888 Patr.
780 2825 952 2901 confecit*)‚
986 2829 1155 2908 proiectum
1191 2847 1253 2888 esse

182 2930 348 2990 contendat.
394 2930 487 3001 Quem
513 2931 536 2990 si
560 2930 738 3009 rogabimus,
763 2950 816 2992 cur
838 2932 877 2991 ita
901 2932 1067 3004 contendat,
1091 2932 1168 2992 nibil
1191 2951 1252 2992 esse

182 3033 379 3111 respondebit,
414 3053 467 3094 cur
490 3034 515 3094 M
539 3053 574 3094 ex
597 3034 772 3095 Petrarcbae
795 3035 961 3116 apographo
984 3044 1165 3116 prognatum
1190 3054 1252 3095 esse

183 3154 339 3213 negemus:
374 3138 458 3215 quasi
486 3157 555 3198 vero
584 3157 705 3199 raecesse
728 3139 775 3213 sit,
811 3139 949 3199 omnibus
983 3140 1018 3199 iis
1048 3139 1139 3200 rebus
1167 3140 1251 3199 sidem

182 3238 299 3312 babere,
332 3241 439 3318 quibus
473 3260 525 3302 cur
559 3242 646 3302 tidem
681 3261 741 3303 non
777 3243 936 3303 babeamus
964 3242 1035 3302 nibil
1064 3253 1111 3305 est
1134 3263 1250 3313 causam

183 3342 302 3423 puerilis
325 3354 370 3404 est
393 3344 501 3415 iudicii,
525 3345 564 3405 ita
588 3346 762 3406 concludere
785 3348 816 3406 ‘A
833 3365 897 3407 esse
913 3345 991 3406 =B
1014 3365 1067 3425 ego
1090 3347 1250 3418 contend03

182 3465 236 3507 cur
258 3447 297 3507 ita
321 3448 508 3522 contendam,
532 3448 604 3509 nibil
621 3449 729 3522 lrabe03
752 3459 781 3509 et
798 3459 895 3510 tamen
912 3459 997 3512 netu
1014 3449 1136 3528 quidem
1153 3450 1250 3521 babes,

183 3568 236 3609 cur
270 3569 372 3630 neges,
407 3570 475 3629 ergo
504 3552 627 3610 t=ss
657 3551 720 3611 est’.
766 3552 803 3613 ti
836 3554 900 3627 erit,
934 3554 984 3633 qui
1018 3553 1109 3615 dicat:
1145 3555 1249 3616 ‘Unum

183 3653 370 3715 Patiarcbam
396 3655 536 3735 epistulas
560 3655 594 3715 ad
617 3655 747 3716 Atticum
773 3658 935 3738 repperisse
958 3667 1061 3720 uotum
1092 3668 1152 3732 est.;
1187 3676 1249 3721 cum

183 3758 263 3817 eninr
288 3758 479 3818 discessimus
496 3758 531 3818 ab
544 3759 600 3820 isto
616 3761 775 3840 exemplari
791 3761 972 3834 pistoriensi,
1000 3762 1127 3822 alterum
1153 3779 1249 3823 earnm

183 3861 376 3940 epistularum
402 3861 430 3920 in
455 3861 534 3921 ltalia
558 3865 707 3944 exemplar
729 3874 796 3944 post
812 3865 998 3926 Petratubam
1016 3865 1173 3927 inventum
1191 3883 1251 3925 esse

183 3993 396 4002 ——.—..-—

253 4070 276 4129 ⁴)
296 4068 333 4118 (Ji.
352 4067 474 4119 Viertelii
494 4068 550 4130 lib,
568 4084 639 4133 quem
659 4085 732 4134 supra
754 4088 776 4136 p.
796 4072 810 4119 l
830 4073 971 4137 attulimus,
991 4089 1013 4137 p.
1037 4074 1074 4124 ll.
