<?xml version="1.0" encoding="UTF-8"?>
<!DOCTYPE html PUBLIC "-//W3C//DTD XHTML 1.0 Transitional//EN"
    "http://www.w3.org/TR/xhtml1/DTD/xhtml1-transitional.dtd">
<html xmlns="http://www.w3.org/1999/xhtml" xml:lang="en" lang="en">
 <head>
  <title>
</title>
<meta http-equiv="Content-Type" content="text/html;charset=utf-8" />
  <meta name='ocr-system' content='tesseract 3.04.00' />
  <meta name='ocr-capabilities' content='ocr_page ocr_carea ocr_par ocr_line ocrx_word'/>
</head>
<body>
  <div class='ocr_page' id='page_1' title='image "./deciceronisadat00lehmgoog_0182.png"; bbox 0 0 2866 4626; ppageno 0'>
   <div class='ocr_carea' id='block_1_1' title="bbox 540 263 873 325">
    <p class='ocr_par' dir='ltr' id='par_1_1' title="bbox 540 263 873 325">
     <span class='ocr_line' id='line_1_1' title="bbox 540 263 873 325; baseline -0.003 0"><span class='ocrx_word' id='word_1_1' title='bbox 540 263 873 325; x_wconf 48' lang='lat'>*169—</span> 
     </span>
    </p>
   </div>
   <div class='ocr_carea' id='block_1_2' title="bbox 178 437 1254 3410">
    <p class='ocr_par' dir='ltr' id='par_1_2' title="bbox 178 437 1252 2484">
     <span class='ocr_line' id='line_1_2' title="bbox 178 437 1248 521; baseline -0.003 -20"><span class='ocrx_word' id='word_1_2' title='bbox 178 463 207 521; x_wconf 92' lang='lat' dir='ltr'>p.</span> <span class='ocrx_word' id='word_1_3' title='bbox 225 441 287 502; x_wconf 76' lang='lat'>478</span> <span class='ocrx_word' id='word_1_4' title='bbox 312 441 357 500; x_wconf 91' lang='lat' dir='ltr'>ed.</span> <span class='ocrx_word' id='word_1_5' title='bbox 382 442 476 509; x_wconf 75' lang='lat' dir='ltr'>lisze.)</span> <span class='ocrx_word' id='word_1_6' title='bbox 503 440 705 519; x_wconf 73' lang='lat' dir='ltr'><em>Cornelioque:</em></span> <span class='ocrx_word' id='word_1_7' title='bbox 730 450 831 499; x_wconf 88' lang='lat' dir='ltr'>centra</span> <span class='ocrx_word' id='word_1_8' title='bbox 857 438 988 500; x_wconf 84' lang='lat' dir='ltr'>Cerueito</span> <span class='ocrx_word' id='word_1_9' title='bbox 1012 438 1043 511; x_wconf 82' lang='grc' dir='ltr'>Ε,</span> <span class='ocrx_word' id='word_1_10' title='bbox 1061 437 1097 510; x_wconf 91' lang='grc' dir='ltr'>Μ,</span> <span class='ocrx_word' id='word_1_11' title='bbox 1120 437 1248 498; x_wconf 76' lang='lat' dir='ltr'><strong><em>Salutem</em></strong></span> 
     </span>
     <span class='ocr_line' id='line_1_3' title="bbox 184 540 1247 624; baseline -0.005 -19"><span class='ocrx_word' id='word_1_12' title='bbox 184 544 317 606; x_wconf 82' lang='lat' dir='ltr'>Cercetio</span> <span class='ocrx_word' id='word_1_13' title='bbox 341 544 375 618; x_wconf 89' lang='grc'>0,</span> <span class='ocrx_word' id='word_1_14' title='bbox 399 544 623 624; x_wconf 62' lang='lat' dir='ltr'>inscriptionem</span> <span class='ocrx_word' id='word_1_15' title='bbox 647 543 748 603; x_wconf 90' lang='lat' dir='ltr'>eruisit</span> <span class='ocrx_word' id='word_1_16' title='bbox 771 542 811 616; x_wconf 87' lang='lat' dir='ltr'>R;</span> <span class='ocrx_word' id='word_1_17' title='bbox 840 562 875 602; x_wconf 79' lang='lat' dir='ltr'>cx</span> <span class='ocrx_word' id='word_1_18' title='bbox 903 543 1004 601; x_wconf 81' lang='lat' dir='ltr'>caticru</span> <span class='ocrx_word' id='word_1_19' title='bbox 1030 560 1097 600; x_wconf 84' lang='lat' dir='ltr'>rere</span> <span class='ocrx_word' id='word_1_20' title='bbox 1123 540 1247 620; x_wconf 76' lang='lat' dir='ltr'>epistula</span> 
     </span>
     <span class='ocr_line' id='line_1_4' title="bbox 178 643 1246 727; baseline -0.002 -20"><span class='ocrx_word' id='word_1_21' title='bbox 178 648 217 707; x_wconf 83' lang='lat' dir='ltr'>IX</span> <span class='ocrx_word' id='word_1_22' title='bbox 231 648 340 720; x_wconf 68' lang='lat' dir='ltr'>teat</span> <span class='ocrx_word' id='word_1_23' title='bbox 368 647 520 708; x_wconf 87' lang='lat' dir='ltr'>Vier·teiius</span> <span class='ocrx_word' id='word_1_24' title='bbox 544 667 572 727; x_wconf 88' lang='lat' dir='ltr'>p.</span> <span class='ocrx_word' id='word_1_25' title='bbox 590 647 629 708; x_wconf 84' lang='lat'>37</span> <span class='ocrx_word' id='word_1_26' title='bbox 658 645 882 726; x_wconf 76' lang='lat' dir='ltr'>inscriptionem</span> <span class='ocrx_word' id='word_1_27' title='bbox 906 645 1002 706; x_wconf 79' lang='lat' dir='ltr'>adieri</span> <span class='ocrx_word' id='word_1_28' title='bbox 1027 643 1159 705; x_wconf 81' lang='lat' dir='ltr'>Cerereiio</span> <span class='ocrx_word' id='word_1_29' title='bbox 1189 643 1246 705; x_wconf 89' lang='lat' dir='ltr'>Se-</span> 
     </span>
     <span class='ocr_line' id='line_1_5' title="bbox 179 747 1245 829; baseline -0.003 -18"><span class='ocrx_word' id='word_1_30' title='bbox 179 752 280 813; x_wconf 85' lang='lat' dir='ltr'>iuteuo:</span> <span class='ocrx_word' id='word_1_31' title='bbox 316 751 362 810; x_wconf 94' lang='lat' dir='ltr'>bic</span> <span class='ocrx_word' id='word_1_32' title='bbox 392 761 491 812; x_wconf 89' lang='lat' dir='ltr'>utruur</span> <span class='ocrx_word' id='word_1_33' title='bbox 524 770 607 811; x_wconf 88' lang='lat' dir='ltr'>error</span> <span class='ocrx_word' id='word_1_34' title='bbox 638 769 740 810; x_wconf 87' lang='lat' dir='ltr'>eorum</span> <span class='ocrx_word' id='word_1_35' title='bbox 772 749 824 829; x_wconf 92' lang='lat' dir='ltr'>qui</span> <span class='ocrx_word' id='word_1_36' title='bbox 853 749 962 810; x_wconf 87' lang='lat' dir='ltr'>librum</span> <span class='ocrx_word' id='word_1_37' title='bbox 986 747 1160 809; x_wconf 86' lang='lat' dir='ltr'>Petrarcbae</span> <span class='ocrx_word' id='word_1_38' title='bbox 1184 748 1245 808; x_wconf 91' lang='lat' dir='ltr'>edi-</span> 
     </span>
     <span class='ocr_line' id='line_1_6' title="bbox 180 850 1246 923; baseline -0.004 -9"><span class='ocrx_word' id='word_1_39' title='bbox 180 856 289 915; x_wconf 86' lang='lat' dir='ltr'>derunt</span> <span class='ocrx_word' id='word_1_40' title='bbox 312 853 350 914; x_wconf 92' lang='lat' dir='ltr'>sit</span> <span class='ocrx_word' id='word_1_41' title='bbox 372 873 463 914; x_wconf 87' lang='lat' dir='ltr'>necue</span> <span class='ocrx_word' id='word_1_42' title='bbox 487 873 541 914; x_wconf 94' lang='lat' dir='ltr'>ues</span> <span class='ocrx_word' id='word_1_43' title='bbox 565 853 725 915; x_wconf 89' lang='lat' dir='ltr'>diiudicare</span> <span class='ocrx_word' id='word_1_44' title='bbox 755 873 814 914; x_wconf 89' lang='lat' dir='ltr'>nen</span> <span class='ocrx_word' id='word_1_45' title='bbox 845 853 999 913; x_wconf 86' lang='lat' dir='ltr'>audemus.</span> <span class='ocrx_word' id='word_1_46' title='bbox 1031 887 1074 894; x_wconf 98' lang='lat'><strong>—</strong></span> <span class='ocrx_word' id='word_1_47' title='bbox 1107 850 1246 923; x_wconf 80' lang='lat' dir='ltr'>V11,12</span> 
     </span>
     <span class='ocr_line' id='line_1_7' title="bbox 179 953 1246 1037; baseline -0.004 -20"><span class='ocrx_word' id='word_1_48' title='bbox 179 958 259 1018; x_wconf 87' lang='lat' dir='ltr'>Petr.</span> <span class='ocrx_word' id='word_1_49' title='bbox 299 958 329 1017; x_wconf 89' lang='lat' dir='ltr'>iu</span> <span class='ocrx_word' id='word_1_50' title='bbox 366 977 431 1037; x_wconf 88' lang='lat' dir='ltr'>epp.</span> <span class='ocrx_word' id='word_1_51' title='bbox 460 957 495 1018; x_wconf 93' lang='lat' dir='ltr'>lV</span> <span class='ocrx_word' id='word_1_52' title='bbox 527 959 565 1017; x_wconf 79' lang='lat' dir='ltr'>te</span> <span class='ocrx_word' id='word_1_53' title='bbox 608 959 663 1018; x_wconf 91' lang='lat' dir='ltr'>bec</span> <span class='ocrx_word' id='word_1_54' title='bbox 706 957 793 1017; x_wconf 86' lang='lat' dir='ltr'>erede</span> <span class='ocrx_word' id='word_1_55' title='bbox 838 956 931 1017; x_wconf 82' lang='lat' dir='ltr'>adieri</span> <span class='ocrx_word' id='word_1_56' title='bbox 969 955 1099 1034; x_wconf 81' lang='lat' dir='ltr'>(VierteI.</span> <span class='ocrx_word' id='word_1_57' title='bbox 1133 974 1161 1034; x_wconf 92' lang='lat' dir='ltr'>p.</span> <span class='ocrx_word' id='word_1_58' title='bbox 1193 953 1246 1029; x_wconf 74' lang='lat'>31)</span> 
     </span>
     <span class='ocr_line' id='line_1_8' title="bbox 180 1058 1248 1141; baseline -0.003 -20"><span class='ocrx_word' id='word_1_59' title='bbox 180 1061 323 1121; x_wconf 77' lang='lat' dir='ltr'>‘Tertiuru</span> <span class='ocrx_word' id='word_1_60' title='bbox 347 1061 513 1138; x_wconf 83' lang='lat' dir='ltr'>(serveruru</span> <span class='ocrx_word' id='word_1_61' title='bbox 538 1072 601 1141; x_wconf 79' lang='lat' dir='ltr'>par)</span> <span class='ocrx_word' id='word_1_62' title='bbox 626 1061 668 1122; x_wconf 91' lang='lat' dir='ltr'>sie</span> <span class='ocrx_word' id='word_1_63' title='bbox 691 1070 744 1134; x_wconf 88' lang='lat' dir='ltr'>est,</span> <span class='ocrx_word' id='word_1_64' title='bbox 770 1069 801 1122; x_wconf 86' lang='grc' dir='ltr'>ιιι</span> <span class='ocrx_word' id='word_1_65' title='bbox 824 1060 912 1122; x_wconf 92' lang='lat' dir='ltr'>buius</span> <span class='ocrx_word' id='word_1_66' title='bbox 935 1063 1027 1132; x_wconf 82' lang='lat' dir='ltr'>furer,</span> <span class='ocrx_word' id='word_1_67' title='bbox 1050 1058 1129 1120; x_wconf 89' lang='lat' dir='ltr'>iliius</span> <span class='ocrx_word' id='word_1_68' title='bbox 1147 1068 1248 1138; x_wconf 89' lang='lat' dir='ltr'>terper</span> 
     </span>
     <span class='ocr_line' id='line_1_9' title="bbox 180 1160 1246 1242; baseline -0.003 -18"><span class='ocrx_word' id='word_1_69' title='bbox 180 1164 301 1225; x_wconf 90' lang='lat' dir='ltr'>odiosus</span> <span class='ocrx_word' id='word_1_70' title='bbox 335 1165 386 1224; x_wconf 88' lang='lat' dir='ltr'>sit:</span> <span class='ocrx_word' id='word_1_71' title='bbox 422 1175 452 1226; x_wconf 86' lang='lat' dir='ltr'>et</span> <span class='ocrx_word' id='word_1_72' title='bbox 473 1165 554 1226; x_wconf 84' lang='lat' dir='ltr'>iuxta</span> <span class='ocrx_word' id='word_1_73' title='bbox 576 1165 647 1226; x_wconf 92' lang='lat' dir='ltr'>iilud</span> <span class='ocrx_word' id='word_1_74' title='bbox 672 1165 853 1226; x_wconf 86' lang='lat' dir='ltr'>Socraticum</span> <span class='ocrx_word' id='word_1_75' title='bbox 863 1160 892 1242; x_wconf 68' lang='lat'>⁹⁸)</span> <span class='ocrx_word' id='word_1_76' title='bbox 915 1183 931 1224; x_wconf 89' lang='lat' dir='ltr'>a</span> <span class='ocrx_word' id='word_1_77' title='bbox 955 1162 1094 1223; x_wconf 80' lang='lat' dir='ltr'>Cicerone</span> <span class='ocrx_word' id='word_1_78' title='bbox 1122 1162 1246 1222; x_wconf 84' lang='lat' dir='ltr'>relatum</span> 
     </span>
     <span class='ocr_line' id='line_1_10' title="bbox 181 1266 1246 1348; baseline -0.004 -19"><span class='ocrx_word' id='word_1_79' title='bbox 181 1269 209 1329; x_wconf 91' lang='lat' dir='ltr'>iu</span> <span class='ocrx_word' id='word_1_80' title='bbox 233 1269 373 1348; x_wconf 88' lang='lat' dir='ltr'>epistolis,</span> <span class='ocrx_word' id='word_1_81' title='bbox 397 1268 471 1330; x_wconf 86' lang='lat' dir='ltr'>aiter</span> <span class='ocrx_word' id='word_1_82' title='bbox 484 1270 585 1348; x_wconf 72' lang='lat' dir='ltr'>freed,</span> <span class='ocrx_word' id='word_1_83' title='bbox 609 1271 683 1331; x_wconf 87' lang='lat' dir='ltr'>aiter</span> <span class='ocrx_word' id='word_1_84' title='bbox 698 1269 858 1330; x_wconf 85' lang='lat' dir='ltr'>calcaribus</span> <span class='ocrx_word' id='word_1_85' title='bbox 878 1267 979 1347; x_wconf 75' lang='lat' dir='ltr'>epeet&#39;3</span> <span class='ocrx_word' id='word_1_86' title='bbox 1003 1266 1036 1327; x_wconf 89' lang='lat' dir='ltr'>ad</span> <span class='ocrx_word' id='word_1_87' title='bbox 1054 1266 1133 1326; x_wconf 90' lang='lat' dir='ltr'>iruec</span> <span class='ocrx_word' id='word_1_88' title='bbox 1148 1266 1246 1326; x_wconf 88' lang='lat' dir='ltr'>lecum</span> 
     </span>
     <span class='ocr_line' id='line_1_11' title="bbox 181 1368 1248 1449; baseline -0.004 -17"><span class='ocrx_word' id='word_1_89' title='bbox 181 1374 252 1433; x_wconf 82' lang='lat' dir='ltr'>tinec</span> <span class='ocrx_word' id='word_1_90' title='bbox 275 1373 468 1433; x_wconf 86' lang='lat' dir='ltr'>adnotamus:</span> <span class='ocrx_word' id='word_1_91' title='bbox 492 1377 537 1434; x_wconf 79' lang='lat' dir='ltr'>toti</span> <span class='ocrx_word' id='word_1_92' title='bbox 556 1382 678 1434; x_wconf 87' lang='lat' dir='ltr'>secretos</span> <span class='ocrx_word' id='word_1_93' title='bbox 701 1374 775 1434; x_wconf 79' lang='lat' dir='ltr'>dieii</span> <span class='ocrx_word' id='word_1_94' title='bbox 790 1371 824 1445; x_wconf 91' lang='lat' dir='ltr'>N,</span> <span class='ocrx_word' id='word_1_95' title='bbox 841 1371 881 1444; x_wconf 75' lang='grc'>11,</span> <span class='ocrx_word' id='word_1_96' title='bbox 904 1381 935 1432; x_wconf 90' lang='lat' dir='ltr'>ut</span> <span class='ocrx_word' id='word_1_97' title='bbox 954 1380 1098 1449; x_wconf 77' lang='lat' dir='ltr'>psecrotes</span> <span class='ocrx_word' id='word_1_98' title='bbox 1122 1370 1195 1430; x_wconf 81' lang='lat' dir='ltr'>citarit</span> <span class='ocrx_word' id='word_1_99' title='bbox 1210 1368 1248 1440; x_wconf 76' lang='lat' dir='ltr'>P,</span> 
     </span>
     <span class='ocr_line' id='line_1_12' title="bbox 181 1474 1247 1547; baseline -0.005 -11"><span class='ocrx_word' id='word_1_100' title='bbox 181 1486 213 1537; x_wconf 89' lang='lat' dir='ltr'>ut</span> <span class='ocrx_word' id='word_1_101' title='bbox 237 1474 374 1538; x_wconf 84' lang='lat' dir='ltr'>isocrates</span> <span class='ocrx_word' id='word_1_102' title='bbox 396 1476 472 1536; x_wconf 79' lang='lat' dir='ltr'>atae</span> <span class='ocrx_word' id='word_1_103' title='bbox 494 1475 533 1536; x_wconf 88' lang='lat' dir='ltr'>O:</span> <span class='ocrx_word' id='word_1_104' title='bbox 556 1481 601 1536; x_wconf 87' lang='lat' dir='ltr'>uti</span> <span class='ocrx_word' id='word_1_105' title='bbox 622 1477 696 1538; x_wconf 76' lang='lat' dir='ltr'>deerit</span> <span class='ocrx_word' id='word_1_106' title='bbox 717 1474 856 1537; x_wconf 82' lang='lat' dir='ltr'>isocrates</span> <span class='ocrx_word' id='word_1_107' title='bbox 872 1474 909 1547; x_wconf 87' lang='lat' dir='ltr'>bi,</span> <span class='ocrx_word' id='word_1_108' title='bbox 932 1478 975 1535; x_wconf 85' lang='lat' dir='ltr'>uti</span> <span class='ocrx_word' id='word_1_109' title='bbox 989 1475 1063 1534; x_wconf 70' lang='lat' dir='ltr'>dreit</span> <span class='ocrx_word' id='word_1_110' title='bbox 1077 1483 1202 1534; x_wconf 85' lang='lat' dir='ltr'>socrates</span> <span class='ocrx_word' id='word_1_111' title='bbox 1224 1491 1247 1532; x_wconf 89' lang='lat' dir='ltr'>s.</span> 
     </span>
     <span class='ocr_line' id='line_1_13' title="bbox 184 1577 1247 1659; baseline -0.003 -20"><span class='ocrx_word' id='word_1_112' title='bbox 184 1578 244 1639; x_wconf 91' lang='lat' dir='ltr'>iiec</span> <span class='ocrx_word' id='word_1_113' title='bbox 267 1598 385 1658; x_wconf 89' lang='lat' dir='ltr'>queque</span> <span class='ocrx_word' id='word_1_114' title='bbox 412 1578 476 1638; x_wconf 92' lang='lat' dir='ltr'>lece</span> <span class='ocrx_word' id='word_1_115' title='bbox 503 1591 631 1658; x_wconf 88' lang='lat' dir='ltr'>apparet,</span> <span class='ocrx_word' id='word_1_116' title='bbox 666 1598 754 1659; x_wconf 88' lang='lat' dir='ltr'>quarn</span> <span class='ocrx_word' id='word_1_117' title='bbox 789 1578 947 1640; x_wconf 89' lang='lat' dir='ltr'>necessarii</span> <span class='ocrx_word' id='word_1_118' title='bbox 982 1577 1043 1638; x_wconf 91' lang='lat' dir='ltr'>siut</span> <span class='ocrx_word' id='word_1_119' title='bbox 1071 1577 1105 1637; x_wconf 90' lang='lat' dir='ltr'>ad</span> <span class='ocrx_word' id='word_1_120' title='bbox 1136 1587 1247 1638; x_wconf 84' lang='lat' dir='ltr'>texture</span> 
     </span>
     <span class='ocr_line' id='line_1_14' title="bbox 182 1679 1249 1757; baseline -0.001 -15"><span class='ocrx_word' id='word_1_121' title='bbox 182 1683 396 1742; x_wconf 84' lang='lat' dir='ltr'>recerrseuduut</span> <span class='ocrx_word' id='word_1_122' title='bbox 422 1682 489 1742; x_wconf 83' lang='lat' dir='ltr'>Cet</span> <span class='ocrx_word' id='word_1_123' title='bbox 505 1681 540 1757; x_wconf 86' lang='lat' dir='ltr'>Z;</span> <span class='ocrx_word' id='word_1_124' title='bbox 564 1701 631 1744; x_wconf 84' lang='lat' dir='ltr'>naut</span> <span class='ocrx_word' id='word_1_125' title='bbox 658 1693 756 1745; x_wconf 85' lang='lat' dir='ltr'>utrum</span> <span class='ocrx_word' id='word_1_126' title='bbox 781 1684 854 1745; x_wconf 80' lang='lat' dir='ltr'>dicit</span> <span class='ocrx_word' id='word_1_127' title='bbox 876 1680 1014 1744; x_wconf 88' lang='lat' dir='ltr'>isocrates</span> <span class='ocrx_word' id='word_1_128' title='bbox 1058 1699 1094 1741; x_wconf 88' lang='lat' dir='ltr'>an</span> <span class='ocrx_word' id='word_1_129' title='bbox 1111 1679 1249 1742; x_wconf 76' lang='lat' dir='ltr'>isocrates</span> 
     </span>
     <span class='ocr_line' id='line_1_15' title="bbox 184 1782 1249 1866; baseline -0.003 -20"><span class='ocrx_word' id='word_1_130' title='bbox 184 1787 256 1846; x_wconf 79' lang='lat' dir='ltr'>otoo</span> <span class='ocrx_word' id='word_1_131' title='bbox 278 1786 447 1865; x_wconf 86' lang='lat' dir='ltr'>ponendum</span> <span class='ocrx_word' id='word_1_132' title='bbox 472 1785 519 1859; x_wconf 86' lang='lat' dir='ltr'>sit,</span> <span class='ocrx_word' id='word_1_133' title='bbox 554 1787 677 1847; x_wconf 83' lang='lat' dir='ltr'>dubiuur</span> <span class='ocrx_word' id='word_1_134' title='bbox 712 1806 777 1848; x_wconf 89' lang='lat' dir='ltr'>esse</span> <span class='ocrx_word' id='word_1_135' title='bbox 810 1794 917 1866; x_wconf 89' lang='lat' dir='ltr'>petest,</span> <span class='ocrx_word' id='word_1_136' title='bbox 953 1785 1022 1846; x_wconf 82' lang='lat' dir='ltr'>duur</span> <span class='ocrx_word' id='word_1_137' title='bbox 1059 1784 1094 1844; x_wconf 92' lang='lat' dir='ltr'>de</span> <span class='ocrx_word' id='word_1_138' title='bbox 1129 1782 1249 1844; x_wconf 88' lang='lat' dir='ltr'>alterius</span> 
     </span>
     <span class='ocr_line' id='line_1_16' title="bbox 184 1887 1249 1967; baseline 0 -19"><span class='ocrx_word' id='word_1_139' title='bbox 184 1888 285 1949; x_wconf 89' lang='lat' dir='ltr'>classis</span> <span class='ocrx_word' id='word_1_140' title='bbox 308 1888 331 1947; x_wconf 88' lang='grc'>11</span> <span class='ocrx_word' id='word_1_141' title='bbox 354 1889 478 1949; x_wconf 86' lang='lat' dir='ltr'>lectione</span> <span class='ocrx_word' id='word_1_142' title='bbox 502 1889 574 1949; x_wconf 88' lang='lat' dir='ltr'>nibil</span> <span class='ocrx_word' id='word_1_143' title='bbox 597 1899 721 1951; x_wconf 89' lang='lat' dir='ltr'>constat.</span> <span class='ocrx_word' id='word_1_144' title='bbox 766 1890 827 1950; x_wconf 88' lang='lat' dir='ltr'>iam</span> <span class='ocrx_word' id='word_1_145' title='bbox 857 1887 929 1958; x_wconf 88' lang='lat' dir='ltr'>vide,</span> <span class='ocrx_word' id='word_1_146' title='bbox 957 1906 1045 1967; x_wconf 83' lang='lat' dir='ltr'>quoru</span> <span class='ocrx_word' id='word_1_147' title='bbox 1078 1887 1160 1948; x_wconf 88' lang='lat' dir='ltr'>iaciie</span> <span class='ocrx_word' id='word_1_148' title='bbox 1191 1896 1249 1948; x_wconf 87' lang='lat' dir='ltr'>tota</span> 
     </span>
     <span class='ocr_line' id='line_1_17' title="bbox 183 1990 1249 2072; baseline -0.002 -20"><span class='ocrx_word' id='word_1_149' title='bbox 183 2011 231 2053; x_wconf 89' lang='lat' dir='ltr'>res</span> <span class='ocrx_word' id='word_1_150' title='bbox 264 1993 449 2072; x_wconf 71' lang='lat' dir='ltr'>expediatur,</span> <span class='ocrx_word' id='word_1_151' title='bbox 484 2012 550 2053; x_wconf 88' lang='lat' dir='ltr'>nam</span> <span class='ocrx_word' id='word_1_152' title='bbox 584 1995 657 2056; x_wconf 84' lang='lat' dir='ltr'>dicit</span> <span class='ocrx_word' id='word_1_153' title='bbox 690 1992 827 2055; x_wconf 86' lang='lat' dir='ltr'>isocrates</span> <span class='ocrx_word' id='word_1_154' title='bbox 859 1991 946 2054; x_wconf 86' lang='lat' dir='ltr'>babet</span> <span class='ocrx_word' id='word_1_155' title='bbox 968 1990 1029 2064; x_wconf 56' lang='lat' dir='ltr'>Ali,</span> <span class='ocrx_word' id='word_1_156' title='bbox 1058 2001 1159 2052; x_wconf 87' lang='lat' dir='ltr'>centra</span> <span class='ocrx_word' id='word_1_157' title='bbox 1182 2011 1207 2062; x_wconf 83' lang='lat' dir='ltr'>c,</span> <span class='ocrx_word' id='word_1_158' title='bbox 1230 1991 1249 2064; x_wconf 89' lang='lat' dir='ltr'>l,</span> 
     </span>
     <span class='ocr_line' id='line_1_18' title="bbox 184 2095 1250 2178; baseline -0.002 -22"><span class='ocrx_word' id='word_1_159' title='bbox 184 2096 302 2176; x_wconf 83' lang='lat' dir='ltr'>L(rege)</span> <span class='ocrx_word' id='word_1_160' title='bbox 326 2095 464 2159; x_wconf 82' lang='lat' dir='ltr'>isocrates</span> <span class='ocrx_word' id='word_1_161' title='bbox 486 2099 575 2171; x_wconf 58' lang='lat' dir='ltr'>dictu</span> <span class='ocrx_word' id='word_1_162' title='bbox 598 2106 720 2178; x_wconf 88' lang='lat' dir='ltr'>apparet</span> <span class='ocrx_word' id='word_1_163' title='bbox 743 2097 831 2175; x_wconf 85' lang='lat' dir='ltr'>igitur</span> <span class='ocrx_word' id='word_1_164' title='bbox 845 2107 878 2158; x_wconf 88' lang='lat' dir='ltr'>ut</span> <span class='ocrx_word' id='word_1_165' title='bbox 893 2095 1030 2158; x_wconf 83' lang='lat' dir='ltr'>isocrates</span> <span class='ocrx_word' id='word_1_166' title='bbox 1045 2095 1119 2156; x_wconf 84' lang='lat' dir='ltr'>dicit</span> <span class='ocrx_word' id='word_1_167' title='bbox 1133 2114 1166 2155; x_wconf 82' lang='lat' dir='ltr'>ex</span> <span class='ocrx_word' id='word_1_168' title='bbox 1183 2114 1208 2168; x_wconf 92' lang='lat' dir='ltr'>c,</span> <span class='ocrx_word' id='word_1_169' title='bbox 1230 2095 1250 2168; x_wconf 94' lang='grc'>1,</span> 
     </span>
     <span class='ocr_line' id='line_1_19' title="bbox 186 2198 1252 2278; baseline 0 -19"><span class='ocrx_word' id='word_1_170' title='bbox 186 2198 314 2278; x_wconf 76' lang='lat' dir='ltr'>Ltmge),</span> <span class='ocrx_word' id='word_1_171' title='bbox 337 2198 371 2269; x_wconf 90' lang='lat' dir='ltr'>N,</span> <span class='ocrx_word' id='word_1_172' title='bbox 385 2199 419 2273; x_wconf 91' lang='lat' dir='ltr'>H,</span> <span class='ocrx_word' id='word_1_173' title='bbox 433 2199 503 2272; x_wconf 88' lang='lat' dir='ltr'>0,P</span> <span class='ocrx_word' id='word_1_174' title='bbox 532 2201 721 2262; x_wconf 85' lang='lat' dir='ltr'>scribendum</span> <span class='ocrx_word' id='word_1_175' title='bbox 757 2219 830 2274; x_wconf 88' lang='lat' dir='ltr'>esse,</span> <span class='ocrx_word' id='word_1_176' title='bbox 863 2199 894 2260; x_wconf 91' lang='lat' dir='ltr'>in</span> <span class='ocrx_word' id='word_1_177' title='bbox 924 2201 951 2259; x_wconf 84' lang='grc' dir='ltr'><em>Ω</em></span> <span class='ocrx_word' id='word_1_178' title='bbox 985 2202 1151 2261; x_wconf 86' lang='lat' dir='ltr'>utisecretes</span> <span class='ocrx_word' id='word_1_179' title='bbox 1178 2198 1252 2261; x_wconf 79' lang='lat' dir='ltr'>dicit</span> 
     </span>
     <span class='ocr_line' id='line_1_20' title="bbox 186 2302 1250 2382; baseline -0.002 -19"><span class='ocrx_word' id='word_1_180' title='bbox 186 2304 276 2365; x_wconf 90' lang='lat' dir='ltr'>t&#39;uisse</span> <span class='ocrx_word' id='word_1_181' title='bbox 299 2313 386 2382; x_wconf 86' lang='lat' dir='ltr'>atque</span> <span class='ocrx_word' id='word_1_182' title='bbox 409 2304 448 2364; x_wconf 89' lang='lat' dir='ltr'>ita</span> <span class='ocrx_word' id='word_1_183' title='bbox 485 2314 513 2365; x_wconf 89' lang='lat' dir='ltr'>et</span> <span class='ocrx_word' id='word_1_184' title='bbox 541 2315 664 2366; x_wconf 86' lang='lat' dir='ltr'>socrates</span> <span class='ocrx_word' id='word_1_185' title='bbox 697 2314 725 2364; x_wconf 87' lang='lat' dir='ltr'>et</span> <span class='ocrx_word' id='word_1_186' title='bbox 757 2308 890 2365; x_wconf 86' lang='lat' dir='ltr'>isocrates</span> <span class='ocrx_word' id='word_1_187' title='bbox 924 2302 954 2363; x_wconf 92' lang='lat' dir='ltr'>iu</span> <span class='ocrx_word' id='word_1_188' title='bbox 988 2312 1086 2364; x_wconf 85' lang='lat' dir='ltr'>textus</span> <span class='ocrx_word' id='word_1_189' title='bbox 1115 2303 1250 2364; x_wconf 86' lang='lat' dir='ltr'>cedicnur</span> 
     </span>
     <span class='ocr_line' id='line_1_21' title="bbox 186 2404 1251 2484; baseline 0.002 -21"><span class='ocrx_word' id='word_1_190' title='bbox 186 2404 351 2484; x_wconf 88' lang='lat' dir='ltr'>irrepsisse.</span> <span class='ocrx_word' id='word_1_191' title='bbox 396 2407 474 2468; x_wconf 87' lang='lat' dir='ltr'>Petr.</span> <span class='ocrx_word' id='word_1_192' title='bbox 498 2427 567 2468; x_wconf 89' lang='lat' dir='ltr'>vere</span> <span class='ocrx_word' id='word_1_193' title='bbox 591 2409 665 2468; x_wconf 83' lang='lat' dir='ltr'>uteie</span> <span class='ocrx_word' id='word_1_194' title='bbox 688 2407 826 2477; x_wconf 85' lang='lat' dir='ltr'>Socrates,</span> <span class='ocrx_word' id='word_1_195' title='bbox 851 2407 876 2466; x_wconf 89' lang='grc'>11</span> <span class='ocrx_word' id='word_1_196' title='bbox 900 2416 978 2467; x_wconf 88' lang='lat' dir='ltr'>recte</span> <span class='ocrx_word' id='word_1_197' title='bbox 993 2405 1132 2469; x_wconf 89' lang='lat' dir='ltr'>isocrates</span> <span class='ocrx_word' id='word_1_198' title='bbox 1154 2406 1251 2466; x_wconf 88' lang='lat' dir='ltr'>babet.</span> 
     </span>
    </p>

    <p class='ocr_par' dir='ltr' id='par_1_3' title="bbox 184 2509 1254 3314">
     <span class='ocr_line' id='line_1_22' title="bbox 271 2509 1249 2589; baseline 0.002 -21"><span class='ocrx_word' id='word_1_199' title='bbox 271 2511 408 2589; x_wconf 82' lang='lat' dir='ltr'>Apparet,</span> <span class='ocrx_word' id='word_1_200' title='bbox 432 2511 462 2571; x_wconf 90' lang='lat' dir='ltr'>in</span> <span class='ocrx_word' id='word_1_201' title='bbox 486 2511 570 2571; x_wconf 86' lang='lat' dir='ltr'>ruatis</span> <span class='ocrx_word' id='word_1_202' title='bbox 593 2511 768 2573; x_wconf 88' lang='lat' dir='ltr'>iectieuibus</span> <span class='ocrx_word' id='word_1_203' title='bbox 784 2510 862 2571; x_wconf 88' lang='lat' dir='ltr'>Petr.</span> <span class='ocrx_word' id='word_1_204' title='bbox 886 2529 954 2570; x_wconf 88' lang='lat' dir='ltr'>curn</span> <span class='ocrx_word' id='word_1_205' title='bbox 972 2512 1001 2570; x_wconf 80' lang='grc' dir='ltr'><strong><em>Σ</em></strong></span> <span class='ocrx_word' id='word_1_206' title='bbox 1014 2509 1059 2569; x_wconf 85' lang='lat' dir='ltr'>vei</span> <span class='ocrx_word' id='word_1_207' title='bbox 1073 2509 1249 2588; x_wconf 85' lang='lat' dir='ltr'>quibusdam</span> 
     </span>
     <span class='ocr_line' id='line_1_23' title="bbox 186 2611 1253 2691; baseline 0.003 -21"><span class='ocrx_word' id='word_1_208' title='bbox 186 2611 336 2674; x_wconf 90' lang='lat' dir='ltr'>codicibus</span> <span class='ocrx_word' id='word_1_209' title='bbox 360 2633 395 2674; x_wconf 84' lang='lat' dir='ltr'>ex</span> <span class='ocrx_word' id='word_1_210' title='bbox 417 2617 445 2675; x_wconf 80' lang='grc' dir='ltr'><em>Σ</em></span> <span class='ocrx_word' id='word_1_211' title='bbox 466 2615 643 2688; x_wconf 87' lang='lat' dir='ltr'>consentire,</span> <span class='ocrx_word' id='word_1_212' title='bbox 672 2615 738 2675; x_wconf 88' lang='lat' dir='ltr'>abi</span> <span class='ocrx_word' id='word_1_213' title='bbox 762 2613 927 2675; x_wconf 88' lang='lat' dir='ltr'>dissentire.</span> <span class='ocrx_word' id='word_1_214' title='bbox 972 2612 1036 2673; x_wconf 85' lang='lat' dir='ltr'>Erit</span> <span class='ocrx_word' id='word_1_215' title='bbox 1069 2612 1167 2691; x_wconf 84' lang='lat' dir='ltr'>igitur,</span> <span class='ocrx_word' id='word_1_216' title='bbox 1202 2613 1253 2691; x_wconf 92' lang='lat' dir='ltr'>qui</span> 
     </span>
     <span class='ocr_line' id='line_1_24' title="bbox 186 2715 1254 2799; baseline 0.006 -26"><span class='ocrx_word' id='word_1_217' title='bbox 186 2715 225 2774; x_wconf 89' lang='lat' dir='ltr'>ita</span> <span class='ocrx_word' id='word_1_218' title='bbox 261 2734 320 2776; x_wconf 79' lang='lat' dir='ltr'>reue</span> <span class='ocrx_word' id='word_1_219' title='bbox 346 2716 493 2796; x_wconf 83' lang='lat' dir='ltr'>expediet:</span> <span class='ocrx_word' id='word_1_220' title='bbox 530 2719 576 2778; x_wconf 85' lang='lat' dir='ltr'>‘iX</span> <span class='ocrx_word' id='word_1_221' title='bbox 595 2718 679 2791; x_wconf 80' lang='grc'>16,·2</span> <span class='ocrx_word' id='word_1_222' title='bbox 706 2719 769 2799; x_wconf 88' lang='lat' dir='ltr'>ipse</span> <span class='ocrx_word' id='word_1_223' title='bbox 792 2718 871 2779; x_wconf 81' lang='lat' dir='ltr'>Pete.</span> <span class='ocrx_word' id='word_1_224' title='bbox 903 2717 1029 2779; x_wconf 90' lang='lat' dir='ltr'>coniecit</span> <span class='ocrx_word' id='word_1_225' title='bbox 1059 2717 1199 2797; x_wconf 84' lang='lat' dir='ltr'>triurnpbe</span> <span class='ocrx_word' id='word_1_226' title='bbox 1228 2729 1254 2779; x_wconf 86' lang='lat' dir='ltr'>et</span> 
     </span>
     <span class='ocr_line' id='line_1_25' title="bbox 184 2818 1251 2902; baseline 0.002 -24"><span class='ocrx_word' id='word_1_227' title='bbox 184 2818 289 2897; x_wconf 76' lang='lat' dir='ltr'>peudie</span> <span class='ocrx_word' id='word_1_228' title='bbox 312 2839 402 2898; x_wconf 87' lang='lat' dir='ltr'>eaque</span> <span class='ocrx_word' id='word_1_229' title='bbox 432 2821 599 2882; x_wconf 85' lang='lat' dir='ltr'>coniectura</span> <span class='ocrx_word' id='word_1_230' title='bbox 627 2822 657 2881; x_wconf 93' lang='lat' dir='ltr'>iu</span> <span class='ocrx_word' id='word_1_231' title='bbox 681 2825 710 2882; x_wconf 81' lang='grc' dir='ltr'><em>Σ</em></span> <span class='ocrx_word' id='word_1_232' title='bbox 729 2821 856 2902; x_wconf 85' lang='lat' dir='ltr'>irrepsit,</span> <span class='ocrx_word' id='word_1_233' title='bbox 891 2821 919 2880; x_wconf 88' lang='lat' dir='ltr'>bi</span> <span class='ocrx_word' id='word_1_234' title='bbox 946 2839 1010 2882; x_wconf 86' lang='lat' dir='ltr'>eam</span> <span class='ocrx_word' id='word_1_235' title='bbox 1041 2839 1099 2880; x_wconf 89' lang='lat' dir='ltr'>neu</span> <span class='ocrx_word' id='word_1_236' title='bbox 1124 2819 1251 2900; x_wconf 80' lang='lat' dir='ltr'>recepit&#39;.</span> 
     </span>
     <span class='ocr_line' id='line_1_26' title="bbox 187 2920 1252 3003; baseline 0.005 -23"><span class='ocrx_word' id='word_1_237' title='bbox 187 2920 270 2981; x_wconf 88' lang='lat' dir='ltr'>Haud</span> <span class='ocrx_word' id='word_1_238' title='bbox 296 2923 369 2982; x_wconf 87' lang='lat' dir='ltr'>rrreie</span> <span class='ocrx_word' id='word_1_239' title='bbox 392 2923 438 2983; x_wconf 88' lang='lat' dir='ltr'>iiie</span> <span class='ocrx_word' id='word_1_240' title='bbox 462 2924 594 3002; x_wconf 74' lang='lat' dir='ltr'>uuidere,</span> <span class='ocrx_word' id='word_1_241' title='bbox 628 2945 694 2986; x_wconf 90' lang='lat' dir='ltr'>cunr</span> <span class='ocrx_word' id='word_1_242' title='bbox 725 2945 792 2987; x_wconf 88' lang='lat' dir='ltr'>vero</span> <span class='ocrx_word' id='word_1_243' title='bbox 820 2924 1003 2986; x_wconf 84' lang='lat' dir='ltr'>neutralibus</span> <span class='ocrx_word' id='word_1_244' title='bbox 1034 2943 1152 3003; x_wconf 89' lang='lat' dir='ltr'>queque</span> <span class='ocrx_word' id='word_1_245' title='bbox 1180 2924 1252 2985; x_wconf 92' lang='lat' dir='ltr'>iocis</span> 
     </span>
     <span class='ocr_line' id='line_1_27' title="bbox 186 3023 1252 3106; baseline 0.005 -24"><span class='ocrx_word' id='word_1_246' title='bbox 186 3023 264 3083; x_wconf 82' lang='lat' dir='ltr'>Petu.</span> <span class='ocrx_word' id='word_1_247' title='bbox 289 3044 356 3084; x_wconf 86' lang='lat' dir='ltr'>cunr</span> <span class='ocrx_word' id='word_1_248' title='bbox 380 3028 409 3085; x_wconf 81' lang='grc' dir='ltr'><em>Σ</em></span> <span class='ocrx_word' id='word_1_249' title='bbox 434 3027 606 3101; x_wconf 87' lang='lat' dir='ltr'>consentiat,</span> <span class='ocrx_word' id='word_1_250' title='bbox 630 3047 757 3106; x_wconf 83' lang='lat' dir='ltr'>cunique</span> <span class='ocrx_word' id='word_1_251' title='bbox 780 3047 838 3088; x_wconf 92' lang='lat' dir='ltr'>uuo</span> <span class='ocrx_word' id='word_1_252' title='bbox 854 3029 917 3087; x_wconf 92' lang='lat' dir='ltr'>lece</span> <span class='ocrx_word' id='word_1_253' title='bbox 936 3028 969 3087; x_wconf 79' lang='grc'>11</span> <span class='ocrx_word' id='word_1_254' title='bbox 988 3029 1014 3100; x_wconf 87' lang='grc'>1,</span> <span class='ocrx_word' id='word_1_255' title='bbox 1034 3025 1072 3086; x_wconf 81' lang='lat'>12</span> <span class='ocrx_word' id='word_1_256' title='bbox 1089 3027 1168 3087; x_wconf 81' lang='lat' dir='ltr'>Pete.</span> <span class='ocrx_word' id='word_1_257' title='bbox 1184 3046 1252 3088; x_wconf 88' lang='lat' dir='ltr'>euru</span> 
     </span>
     <span class='ocr_line' id='line_1_28' title="bbox 187 3125 1251 3202; baseline 0.007 -18"><span class='ocrx_word' id='word_1_258' title='bbox 187 3125 221 3199; x_wconf 80' lang='lat' dir='ltr'>N,</span> <span class='ocrx_word' id='word_1_259' title='bbox 236 3125 262 3185; x_wconf 95' lang='lat' dir='ltr'>ii</span> <span class='ocrx_word' id='word_1_260' title='bbox 278 3130 451 3202; x_wconf 86' lang='lat' dir='ltr'>consentiat,</span> <span class='ocrx_word' id='word_1_261' title='bbox 482 3149 536 3190; x_wconf 91' lang='lat' dir='ltr'>uos</span> <span class='ocrx_word' id='word_1_262' title='bbox 559 3130 722 3192; x_wconf 92' lang='lat' dir='ltr'>ceuieiruos</span> <span class='ocrx_word' id='word_1_263' title='bbox 746 3131 919 3192; x_wconf 88' lang='lat' dir='ltr'>Petrarcbae</span> <span class='ocrx_word' id='word_1_264' title='bbox 941 3132 1072 3191; x_wconf 86' lang='lat' dir='ltr'>codicem</span> <span class='ocrx_word' id='word_1_265' title='bbox 1102 3130 1131 3190; x_wconf 91' lang='lat' dir='ltr'>iu</span> <span class='ocrx_word' id='word_1_266' title='bbox 1156 3133 1185 3191; x_wconf 78' lang='grc' dir='ltr'><em>Σ</em></span> <span class='ocrx_word' id='word_1_267' title='bbox 1205 3149 1251 3191; x_wconf 85' lang='lat' dir='ltr'>re·</span> 
     </span>
     <span class='ocr_line' id='line_1_29' title="bbox 187 3229 1253 3314; baseline 0.008 -28"><span class='ocrx_word' id='word_1_268' title='bbox 187 3229 355 3308; x_wconf 83' lang='lat' dir='ltr'>pertendunt</span> <span class='ocrx_word' id='word_1_269' title='bbox 372 3251 444 3300; x_wconf 84' lang='lat' dir='ltr'>esse,</span> <span class='ocrx_word' id='word_1_270' title='bbox 462 3233 490 3292; x_wconf 84' lang='lat' dir='ltr'>bi</span> <span class='ocrx_word' id='word_1_271' title='bbox 503 3253 561 3294; x_wconf 89' lang='lat' dir='ltr'>uon</span> <span class='ocrx_word' id='word_1_272' title='bbox 579 3254 643 3295; x_wconf 89' lang='lat' dir='ltr'>esse</span> <span class='ocrx_word' id='word_1_273' title='bbox 658 3236 824 3314; x_wconf 85' lang='lat' dir='ltr'>prefectum</span> <span class='ocrx_word' id='word_1_274' title='bbox 841 3255 876 3294; x_wconf 80' lang='lat' dir='ltr'>ex</span> <span class='ocrx_word' id='word_1_275' title='bbox 888 3235 1055 3314; x_wconf 84' lang='lat' dir='ltr'>apographo</span> <span class='ocrx_word' id='word_1_276' title='bbox 1067 3233 1253 3294; x_wconf 86' lang='lat' dir='ltr'>Petrarcbae.</span> 
     </span>
    </p>

    <p class='ocr_par' dir='ltr' id='par_1_4' title="bbox 273 3332 1254 3410">
     <span class='ocr_line' id='line_1_30' title="bbox 273 3332 1254 3410; baseline 0.005 -19"><span class='ocrx_word' id='word_1_277' title='bbox 273 3332 429 3395; x_wconf 82' lang='lat' dir='ltr'>Petuareira</span> <span class='ocrx_word' id='word_1_278' title='bbox 467 3337 503 3397; x_wconf 92' lang='lat' dir='ltr'>ab</span> <span class='ocrx_word' id='word_1_279' title='bbox 541 3337 679 3397; x_wconf 84' lang='lat' dir='ltr'>erunibus</span> <span class='ocrx_word' id='word_1_280' title='bbox 717 3337 867 3397; x_wconf 85' lang='lat' dir='ltr'>codicibus</span> <span class='ocrx_word' id='word_1_281' title='bbox 905 3337 1042 3398; x_wconf 89' lang='lat' dir='ltr'>dissentit</span> <span class='ocrx_word' id='word_1_282' title='bbox 1074 3337 1138 3398; x_wconf 82' lang='lat' dir='ltr'>titt</span> <span class='ocrx_word' id='word_1_283' title='bbox 1163 3339 1211 3410; x_wconf 91' lang='grc'>11,</span> <span class='ocrx_word' id='word_1_284' title='bbox 1232 3337 1254 3396; x_wconf 63' lang='grc'>’2</span> 
     </span>
    </p>
   </div>
   <div class='ocr_carea' id='block_1_3' title="bbox 187 3436 1255 3830">
    <p class='ocr_par' dir='ltr' id='par_1_5' title="bbox 187 3436 1255 3830">
     <span class='ocr_line' id='line_1_31' title="bbox 188 3436 1255 3519; baseline 0.007 -25"><span class='ocrx_word' id='word_1_285' title='bbox 188 3436 494 3513; x_wconf 65' lang='lat' dir='ltr'>(Ceres.c.XX§23;</span> <span class='ocrx_word' id='word_1_286' title='bbox 528 3460 557 3519; x_wconf 88' lang='lat' dir='ltr'>p.</span> <span class='ocrx_word' id='word_1_287' title='bbox 581 3440 641 3501; x_wconf 74' lang='lat'>458</span> <span class='ocrx_word' id='word_1_288' title='bbox 665 3440 822 3511; x_wconf 83' lang='lat' dir='ltr'>ed.Razz.t</span> <span class='ocrx_word' id='word_1_289' title='bbox 856 3439 915 3501; x_wconf 89' lang='lat' dir='ltr'>Hee</span> <span class='ocrx_word' id='word_1_290' title='bbox 941 3438 1035 3501; x_wconf 82' lang='lat' dir='ltr'>Gneus</span> <span class='ocrx_word' id='word_1_291' title='bbox 1056 3452 1161 3513; x_wconf 83' lang='lat' dir='ltr'>uester,</span> <span class='ocrx_word' id='word_1_292' title='bbox 1191 3460 1255 3502; x_wconf 82' lang='lat' dir='ltr'>ciem</span> 
     </span>
     <span class='ocr_line' id='line_1_32' title="bbox 189 3544 1253 3622; baseline 0.006 -25"><span class='ocrx_word' id='word_1_293' title='bbox 189 3549 272 3599; x_wconf 83' lang='lat' dir='ltr'>eretee</span> <span class='ocrx_word' id='word_1_294' title='bbox 295 3557 460 3620; x_wconf 75' lang='lat' dir='ltr'>reomensem,</span> <span class='ocrx_word' id='word_1_295' title='bbox 494 3554 590 3605; x_wconf 85' lang='lat' dir='ltr'>tornea</span> <span class='ocrx_word' id='word_1_296' title='bbox 611 3549 643 3605; x_wconf 83' lang='lat' dir='ltr'>ire</span> <span class='ocrx_word' id='word_1_297' title='bbox 664 3544 717 3605; x_wconf 85' lang='lat' dir='ltr'>bec</span> <span class='ocrx_word' id='word_1_298' title='bbox 740 3562 828 3604; x_wconf 90' lang='lat' dir='ltr'>ceuse</span> <span class='ocrx_word' id='word_1_299' title='bbox 849 3547 964 3604; x_wconf 82' lang='lat' dir='ltr'>urirtirne</span> <span class='ocrx_word' id='word_1_300' title='bbox 995 3549 1140 3622; x_wconf 66' lang='lat' dir='ltr'>continete,</span> <span class='ocrx_word' id='word_1_301' title='bbox 1175 3544 1253 3604; x_wconf 87' lang='lat' dir='ltr'>Petr.</span> 
     </span>
     <span class='ocr_line' id='line_1_33' title="bbox 187 3642 1254 3719; baseline 0.006 -19"><span class='ocrx_word' id='word_1_302' title='bbox 187 3649 297 3712; x_wconf 82' lang='lat' dir='ltr'>temeri,</span> <span class='ocrx_word' id='word_1_303' title='bbox 331 3642 363 3716; x_wconf 88' lang='grc' dir='ltr'>Ε,</span> <span class='ocrx_word' id='word_1_304' title='bbox 380 3643 415 3718; x_wconf 90' lang='grc' dir='ltr'>Ο,</span> <span class='ocrx_word' id='word_1_305' title='bbox 436 3645 520 3719; x_wconf 69' lang='lat' dir='ltr'>att</span> <span class='ocrx_word' id='word_1_306' title='bbox 548 3657 626 3707; x_wconf 90' lang='lat' dir='ltr'>reete</span> <span class='ocrx_word' id='word_1_307' title='bbox 655 3658 732 3719; x_wconf 85' lang='lat' dir='ltr'>tuuc;</span> <span class='ocrx_word' id='word_1_308' title='bbox 766 3666 803 3707; x_wconf 90' lang='lat' dir='ltr'>ue</span> <span class='ocrx_word' id='word_1_309' title='bbox 832 3646 1006 3707; x_wconf 87' lang='lat' dir='ltr'>Petrarchae</span> <span class='ocrx_word' id='word_1_310' title='bbox 1040 3646 1127 3706; x_wconf 87' lang='lat' dir='ltr'>verba</span> <span class='ocrx_word' id='word_1_311' title='bbox 1159 3645 1188 3706; x_wconf 93' lang='lat' dir='ltr'>iu</span> <span class='ocrx_word' id='word_1_312' title='bbox 1218 3645 1254 3706; x_wconf 91' lang='lat' dir='ltr'>iis</span> 
     </span>
     <span class='ocr_line' id='line_1_34' title="bbox 188 3745 1254 3830; baseline 0.004 -26"><span class='ocrx_word' id='word_1_313' title='bbox 188 3745 345 3819; x_wconf 88' lang='lat' dir='ltr'>codicibus,</span> <span class='ocrx_word' id='word_1_314' title='bbox 368 3748 420 3826; x_wconf 92' lang='lat' dir='ltr'>qui</span> <span class='ocrx_word' id='word_1_315' title='bbox 435 3749 523 3810; x_wconf 87' lang='lat' dir='ltr'>vitare</span> <span class='ocrx_word' id='word_1_316' title='bbox 541 3749 671 3812; x_wconf 84' lang='lat' dir='ltr'>Caesaris</span> <span class='ocrx_word' id='word_1_317' title='bbox 687 3750 804 3823; x_wconf 88' lang='lat' dir='ltr'>babent,</span> <span class='ocrx_word' id='word_1_318' title='bbox 827 3758 894 3830; x_wconf 88' lang='lat' dir='ltr'>pest</span> <span class='ocrx_word' id='word_1_319' title='bbox 910 3757 1048 3829; x_wconf 89' lang='lat' dir='ltr'>corrupta</span> <span class='ocrx_word' id='word_1_320' title='bbox 1064 3767 1127 3809; x_wconf 87' lang='lat' dir='ltr'>esse</span> <span class='ocrx_word' id='word_1_321' title='bbox 1142 3758 1254 3828; x_wconf 87' lang='lat' dir='ltr'>putere,</span> 
     </span>
    </p>
   </div>
   <div class='ocr_carea' id='block_1_4' title="bbox 188 3899 400 3909">
    <p class='ocr_par' dir='ltr' id='par_1_6' title="bbox 188 3899 400 3909">
     <span class='ocr_line' id='line_1_35' title="bbox 188 3899 400 3909; baseline 0.014 -3"><span class='ocrx_word' id='word_1_322' title='bbox 188 3899 400 3909; x_wconf 76' lang='lat'>——-.</span> 
     </span>
    </p>
   </div>
   <div class='ocr_carea' id='block_1_5' title="bbox 188 3981 1255 4122">
    <p class='ocr_par' dir='ltr' id='par_1_7' title="bbox 188 3981 1255 4122">
     <span class='ocr_line' id='line_1_36' title="bbox 275 3981 1255 4052; baseline 0.002 -20"><span class='ocrx_word' id='word_1_323' title='bbox 275 3981 302 4045; x_wconf 72' lang='lat' dir='ltr'>*t</span> <span class='ocrx_word' id='word_1_324' title='bbox 322 3983 409 4034; x_wconf 81' lang='lat' dir='ltr'>Facile</span> <span class='ocrx_word' id='word_1_325' title='bbox 428 4000 508 4050; x_wconf 82' lang='lat' dir='ltr'>neque</span> <span class='ocrx_word' id='word_1_326' title='bbox 529 4002 590 4035; x_wconf 88' lang='lat' dir='ltr'>vere</span> <span class='ocrx_word' id='word_1_327' title='bbox 604 3997 701 4038; x_wconf 87' lang='lat' dir='ltr'>rectuur</span> <span class='ocrx_word' id='word_1_328' title='bbox 716 3995 764 4052; x_wconf 87' lang='lat' dir='ltr'>cst,</span> <span class='ocrx_word' id='word_1_329' title='bbox 783 3987 953 4038; x_wconf 82' lang='lat' dir='ltr'>isocraticam</span> <span class='ocrx_word' id='word_1_330' title='bbox 968 3989 993 4036; x_wconf 90' lang='lat' dir='ltr'>in</span> <span class='ocrx_word' id='word_1_331' title='bbox 1008 3986 1087 4050; x_wconf 91' lang='lat' dir='ltr'>ipsius</span> <span class='ocrx_word' id='word_1_332' title='bbox 1101 3984 1255 4036; x_wconf 81' lang='lat' dir='ltr'>Pstrsrcbeo</span> 
     </span>
     <span class='ocr_line' id='line_1_37' title="bbox 188 4070 421 4122; baseline -0.013 0"><span class='ocrx_word' id='word_1_333' title='bbox 188 4071 276 4122; x_wconf 89' lang='lat' dir='ltr'>verbis</span> <span class='ocrx_word' id='word_1_334' title='bbox 295 4070 421 4120; x_wconf 84' lang='lat' dir='ltr'>conicere.</span> 
     </span>
    </p>
   </div>
   <div class='ocr_carea' id='block_1_6' title="bbox 0 0 1446 4626">
    <p class='ocr_par' dir='ltr' id='par_1_8' title="bbox 0 0 1446 4626">
     <span class='ocr_line' id='line_1_38' title="bbox 0 0 1446 4626; baseline 0 0"><span class='ocrx_word' id='word_1_335' title='bbox 0 0 1446 4626; x_wconf 95' lang='lat' dir='ltr'> </span> 
     </span>
    </p>
   </div>
  </div>
 </body>
</html>
