2866 4626
551 278 873 340 -104—

177 454 294 533 L(mgo)
312 455 404 515 multo
420 453 512 533 pluris
536 466 619 519 sunt:
644 473 711 515 nam
727 474 793 515 cum
811 463 934 527 constet,
957 453 1060 531 quanti
1075 453 1237 517 Lambinus

177 558 197 617 Z
220 558 425 627 aestimaverit,
449 558 504 618 ista
527 567 596 618 nota
619 577 704 637 saepe
726 559 813 618 valet:
838 557 887 618 ‘ita
910 558 941 618 L.
965 557 995 617 in
1018 567 1116 618 vetere
1139 559 1239 620 codice

177 660 305 740 repperit
342 680 464 739 eamque
502 661 655 722 lectionem
689 660 843 741 probavit';
876 679 1056 740 quamquam
1093 681 1120 722 v.
1152 683 1176 724 c.
1211 674 1242 724 et

177 764 292 842 lego)
317 763 455 825 maiorem
478 763 566 825 babet
588 764 802 837 anctoritatem,
826 764 874 824 ubi
897 783 965 826 cum
986 764 1128 840 Turnebi‚
1152 767 1242 840 Bosii,

178 866 311 928 Lambini
333 866 570 928 adnotationibus
593 866 670 927 ex'Z
694 866 849 928 consentit
888 869 916 942 3)
939 887 967 946 q.
985 887 1009 927 v.
1027 887 1051 928 3.
1075 878 1163 930 33313
1189 871 1240 931 ad-

176 971 295 1031 hibendi
310 979 393 1044 3331;
408 989 476 1031 nam
493 989 525 1032 ea
541 980 608 1031 nota
625 971 791 1050 complures
806 970 919 1031 codices
934 971 1239 1052 comprehenduntur.

177 1075 204 1149 l)
228 1073 343 1151 lego)
367 1092 434 1135 oum
465 1075 521 1135 boc
547 1074 639 1135 valeat
667 1073 714 1135 ‘ita
738 1074 897 1135 Lambinus
921 1073 1009 1135 scribi
1031 1075 1121 1137 iussit
1143 1076 1238 1155 itaque

177 1177 238 1255 ipse
266 1175 296 1235 13
324 1184 405 1237 13113
431 1177 585 1256 posuisset,
613 1178 638 1238 si
664 1178 708 1238 ed.
733 1187 809 1257 post.
838 1177 987 1251 curasset',
1015 1196 1084 1239 cum
1113 1180 1237 1241 maxima

177 1278 313 1340 cautione
336 1279 533 1340 adhibendum
557 1288 615 1357 est;
639 1281 689 1342 ubi
711 1281 799 1360 igitur
815 1280 934 1360 lego)
957 1299 1024 1341 cum
1047 1283 1066 1342 Z
1092 1286 1237 1346 consentit

178 1393 228 1443 aut
251 1401 318 1442 cum
335 1382 373 1442 W
394 1393 444 1443 aut
467 1383 553 1443 etiam
577 1402 644 1443 cum
660 1385 695 1457 Σ,
719 1382 804 1444 133113
819 1403 855 1443 ex
871 1383 891 1443 Z
907 1383 1022 1444 videtur
1037 1386 1144 1447 hausta
1162 1407 1237 1459 esse,

180 1485 230 1546 ubi
253 1504 321 1547 vero
342 1485 459 1564 L(mgot
482 1486 560 1546 nulla
583 1496 661 1547 certa
683 1486 806 1547 lectione
829 1487 1029 1560 confirmatur,
1052 1491 1238 1552 coniecturae

178 1589 272 1649 instar
294 1599 347 1649 est.
382 1594 409 1668 g)
434 1590 474 1650 al.
491 1590 629 1651 lectiones
652 1609 687 1650 ex
710 1590 773 1650 aliis
788 1589 965 1652 editionibus
981 1591 1128 1670 significat
1143 1603 1238 1673 atque,

177 1710 245 1752 cum
279 1691 341 1772 ipse
374 1702 471 1754 textus
505 1694 548 1754 ed.
575 1701 648 1774 post.
678 1692 884 1754 Lambinianae
916 1695 1063 1774 pessimus
1098 1695 1146 1769 sit,
1181 1715 1238 1757 non

178 1814 338 1875 numquam
363 1815 430 1857 cum
455 1796 603 1857 codicibus
627 1796 786 1869 consentit3
820 1815 887 1857 cum
917 1800 986 1863 vero
1016 1816 1066 1858 eae
1089 1798 1239 1871 lectiones,

177 1918 251 1978 quae
280 1899 322 1959 al.
345 1898 495 1972 notantur,
527 1918 585 1959 333
610 1919 645 1960 ex
666 1899 737 1979 ipsis
759 1899 907 1961 codicibus
931 1901 980 1960 sed
1003 1918 1039 1960 ex
1061 1900 1239 1963 editionibus

178 2003 298 2062 haustae
321 2001 388 2075 sint,
411 2002 521 2063 nullius
545 2003 687 2063 momenti
703 2022 751 2063 eas
767 2022 831 2063 esse
846 2003 951 2064 iudico.
986 2004 1018 2077 h)
1042 2006 1126 2064 fort.
1144 2023 1239 2064 meras

178 2105 360 2165 coniecturas
390 2105 498 2166 indicat
527 2124 622 2185 neque
652 2125 701 2166 eae
730 2105 870 2166 lectiones
892 2107 927 2167 ad
951 2106 1156 2178 recensendas,
1188 2109 1238 2168 sed

179 2208 213 2267 ad
241 2207 436 2268 emendandas
458 2207 598 2286 epIstnlas
621 2209 799 2269 adhibendae
823 2217 900 2270 sunt.
938 2210 961 2287 i)
983 2211 1049 2291 lpse
1072 2212 1237 2272 textnsed.

180 2321 256 2390 post.
270 2311 474 2372 Lambinianae
497 2311 580 2372 nihili
604 2323 648 2373 331
671 2331 764 2391 neque
787 2313 969 2375 adhibendus
992 2324 1037 2375 est
1060 2313 1117 2374 nisi
1139 2314 1240 2375 adeas

179 2415 318 2476 lectiones
341 2434 414 2493 qnae
437 2415 465 2475 in
490 2416 620 2494 margine
643 2427 713 2477 sunt
735 2416 930 2477 illustrandas.

265 2520 297 2598 7)
321 2519 370 2578 ΖΒ
385 2541 429 2566 z
445 2519 522 2579 Rosii
551 2519 753 2581 adnotationes
783 2539 816 2580 31
840 2520 860 2579 Ζ
887 2520 917 2580 13
940 2519 1069 2581 editione
1091 2519 1241 2581 Ciceronis

180 2622 214 2682 ad
247 2621 375 2683 Atticum
409 2623 610 2702 epistularum,
647 2642 720 2702 quae
753 2623 862 2703 prodiit
894 2623 1015 2684 Ratiasti
1049 2622 1240 2684 Lemovicum

180 2744 203 2784 a.
228 2724 318 2786 1580.
362 2725 512 2806 1133311133
541 2733 611 2786 3331
641 2727 742 2786 eodem
766 2745 842 2787 anno
864 2726 1050 2788 Francofurti
1071 2726 1103 2786 13
1128 2727 1241 2787 cilicina

181 2827 363 2889 Wecbeliana
385 2840 414 2889 et
436 2829 481 2889 bis
499 2833 535 2902 (a.
557 2829 635 2890 1582
652 2840 681 2890 31
699 2829 792 2907 1585)
809 2830 992 2910 Antwerpiae
1014 2829 1092 2910 apud
1109 2829 1240 2890 Christo-

180 2931 305 3010 phorum
322 2931 504 2994 Plautinum:
528 2933 557 2992 13
582 2933 754 3013 repetitione
772 2933 953 2995 Plantiniana
969 2933 1047 3012 quod
1064 2932 1240 3012 inscriptum

180 3044 225 3095 est
255 3035 359 3097 ‘Editio
388 3036 423 3097 ab
446 3036 647 3097 emendatione
670 3036 763 3115 ipsius
785 3037 913 3097 auctoris
936 3035 1057 3109 ultima',
1090 3054 1163 3096 1333
1199 3042 1242 3096 331

180 3114 311 3212 taedeo,
333 3139 406 3199 nibil
428 3139 505 3200 enim
529 3140 660 3200 additum
684 3149 734 3199 aut
756 3151 921 3201 correctum
944 3149 989 3200 est
1011 3157 1107 3218 neque
1130 3138 1190 3198 ulla
1211 3157 1241 3198 re

180 3241 252 3302 13133
281 3243 469 3322 repetitiones
497 3244 608 3303 alibro
631 3242 761 3322 principe
785 3243 925 3304 differunt
947 3242 1003 3303 nisi
1025 3241 1116 3303 rebus
1139 3242 1238 3302 ortbo

180 3346 325 3426 graphicis
347 3356 377 3408 et
398 3347 546 3408 erroribus
570 3346 792 3426 typographicis.

267 3451 383 3511 Bosium
408 3450 664 3511 mendacissimum
689 3449 779 3510 luisse
802 3449 951 3510 bominem
979 3465 1075 3527 neque
1098 3466 1241 3528 umquam

181 3554 374 3615 Crusellinum
396 3564 425 3613 et
451 3553 638 3614 Decurtatum
664 3554 777 3614 codices
804 3553 893 3613 fuisse
915 3570 1003 3632 supra
1019 3569 1047 3630 p.
1062 3551 1079 3610 3
1097 3551 1242 3625 diximum

180 3659 278 3737 itaque
312 3667 389 3718 13313
423 3665 452 3717 31
476 3657 619 3735 Hauptius
650 3667 679 3717 et
702 3656 885 3717 Holmannus
915 3656 1081 3716 cautionem
1111 3655 1247 3716 adhiberi

182 3761 293 3834 iubent,
317 3779 383 3821 cunr
407 3760 441 3819 de
458 3760 507 3819 ZB
523 3770 632 3838 agatur,
657 3761 734 3838 quod
750 3760 895 3820 incertum
912 3759 959 3830 sit,
981 3777 1040 3836 quo
1056 3759 1121 3819 loco
1137 3759 1246 3820 Bosius

183 3864 321 3923 mentitus
345 3863 391 3936 sit,
415 3883 473 3941 quo
495 3863 558 3923 loco
582 3881 677 3921 veram
703 3862 772 3922 exZ
794 3863 949 3922 lectionem
972 3861 1092 3923 adferat.
1130 3862 1247 3924 Tamen

181 3985 244 4036 nos,
267 3968 320 4026 etsi
343 3967 420 4026 33311
443 3967 562 4037 erimus,
586 3985 651 4025 raro
668 3967 786 4026 bosinm
810 3965 877 4026 inZ
901 3965 1059 4026 adserendo
1083 3967 1243 4049 mentitum

181 4088 244 4130 esse
267 4070 421 4142 credimus,
448 4069 575 4149 primum
604 4071 681 4148 qnod
710 4070 820 4130 bomini
848 4069 1011 4130 timendum
1040 4077 1185 4143 eratne,
1217 4066 1243 4129 31
