2866 4626
559 263 869 325 --19-

264 437 417 517 benique‚'
440 439 464 498 si
498 447 557 499 tam
586 439 688 500 leviter
717 459 779 500 rem
808 439 939 500 criticam
970 440 1181 514 exercebimus,
1216 451 1249 502 ut

184 540 286 602 iudicio
317 553 458 622 occupato
485 543 600 604 cuidam
637 543 729 604 codici
758 543 808 604 uni
839 543 1043 605 alletoritatem
1075 545 1248 617 tribuamus,

183 664 227 704 eas
250 645 401 717 lectiones,
435 666 506 725 quas
536 646 585 706 isti
618 646 725 707 iudicio
754 648 1012 710 contrariasesse
1043 647 1250 726 intellegimus,

183 747 457 827 interpolationibus
480 759 558 810 ortas
582 768 646 809 esse
661 759 810 828 putemus,
834 752 893 825 fiet,
918 761 950 813 ut
965 752 1031 831 quis
1055 769 1114 810 non
1138 751 1249 811 minore

181 851 296 912 levitate
324 851 354 911 in
382 851 520 912 omnibus
542 851 625 912 libris
647 860 778 912 veterum
803 854 980 934 scriptorum
1005 853 1124 915 edendis
1148 853 1249 913 eadem

181 955 295 1015 ratione
320 956 365 1014 rel
387 956 484 1034 potius
508 955 586 1015 nulla
609 956 721 1016 ratione
744 966 891 1032 versetur3
926 978 1021 1038 neque
1049 958 1126 1018 eninr
1156 957 1248 1028 video,

180 1077 233 1118 cur
277 1077 338 1118 nou
382 1058 484 1118 eodem
530 1058 617 1118 modo
662 1059 692 1118 in
736 1059 820 1120 libris
864 1061 915 1139 qui
965 1060 1169 1121 inscribuntur
1214 1060 1249 1119 de

180 1161 295 1239 legibus
318 1160 427 1221 Besso
450 1168 547 1220 ortum
572 1179 607 1220 ex
629 1162 651 1220 Α
675 1161 820 1235 dicamus,
845 1163 981 1224 meliores
1005 1163 1144 1225 lectiones
1167 1162 1249 1222 codi-

180 1266 221 1325 cis
246 1265 268 1324 B
296 1263 483 1342 interpolatas
518 1281 553 1322 ex
580 1263 671 1323 altero
706 1265 805 1325 codice
832 1275 980 1345 putemus,
1009 1267 1033 1326 si
1062 1265 1128 1345 quis
1156 1274 1247 1325 tutam

180 1369 266 1427 istam
303 1366 445 1427 rationem
476 1365 517 1425 rei
551 1365 668 1427 criticae
702 1368 830 1446 agendae
853 1368 1012 1447 improbet,
1042 1369 1078 1429 ab
1105 1388 1139 1428 co
1167 1386 1249 1428 arro-

180 1479 285 1549 ganter
310 1469 508 1550 postulemus,
544 1479 576 1531 ut
599 1469 636 1539 id,
666 1470 745 1548 quod
779 1488 833 1531 nos
862 1472 971 1532 factum
1002 1490 1066 1532 esse
1093 1489 1152 1531 non
1179 1490 1249 1550 pro-

180 1575 316 1634 bavimus
339 1590 433 1650 neque
456 1571 512 1632 ulla
536 1571 611 1632 iusta
635 1591 722 1633 causa
745 1573 829 1633 allata
852 1577 1018 1654 opinamur,
1052 1577 1160 1634 factum
1189 1594 1248 1634 non

180 1696 245 1737 esse
268 1676 385 1756 probet:
420 1673 448 1733 id
482 1673 506 1733 si
536 1674 594 1744 liet,
629 1695 689 1736 non
713 1676 876 1737 litterarum
903 1678 997 1738 studia
1023 1677 1162 1749 colemus,
1198 1676 1248 1737 sed

181 1780 319 1840 ludemus
343 1795 491 1856 nugasque
512 1795 642 1854 agemus.

267 1882 324 1943 Sed
358 1882 446 1940 finem
481 1880 623 1940 faciamus
657 1881 720 1940 eius
750 1881 966 1960 disputationis
999 1900 1087 1959 quam
1122 1899 1177 1941 nos
1212 1899 1248 1941 ne

181 1984 339 2045 debuimus
354 1984 471 2062 quidem
497 1981 656 2060 suscipere,
679 1984 852 2062 praesertim
876 2003 943 2044 cum
967 1983 1043 2044 infra
1066 1984 1096 2044 in
1119 2003 1181 2063 cap.
1199 1984 1247 2043 Vll

182 2088 218 2147 de
235 2086 271 2147 iis
294 2087 441 2148 codicibus
457 2104 533 2164 quos
549 2104 603 2145 nos
620 2085 803 2147 contulimus
819 2087 857 2148 ita
875 2087 1023 2166 disputare
1039 2086 1070 2147 in
1087 2087 1184 2147 animo
1201 2087 1247 2160 sit,

187 2201 221 2250 ut
242 2190 315 2250 nihil
339 2189 377 2249 sit
398 2190 475 2268 quod
500 2188 535 2248 de
557 2197 617 2248 tota
641 2206 672 2247 re
695 2189 853 2250 dubitetur.

270 2294 404 2354 Raiterus
427 2312 495 2355 vero
518 2295 588 2374 quid
612 2294 730 2355 tandem
755 2292 869 2352 consilii
891 2300 936 2352 est
958 2300 1086 2364 secutus,
1113 2291 1138 2352 si
1161 2293 1249 2353 modo

184 2407 299 2458 certum
344 2396 370 2456 ei
414 2399 569 2459 consilium
615 2398 645 2457 iu
689 2395 754 2456 istis
791 2395 923 2475 epistulis
960 2394 1146 2455 recensendis
1184 2395 1248 2466 luit,

184 2500 260 2578 quod
285 2518 344 2560 non
368 2500 455 2560 modo
478 2501 504 2574 1,
539 2499 699 2562 sedetiam
724 2497 939 2571 dnt.FCard.‚
974 2499 1029 2559 etsi
1054 2498 1154 2559 multis
1177 2499 1248 2559 locis

185 2622 286 2663 corum
321 2603 454 2663 codicum
491 2603 630 2664 lectiones
664 2602 787 2681 recepit,
822 2602 969 2680 plerisque
1002 2599 1128 2678 neglexit
1161 2609 1249 2679 atquo

187 2705 300 2766 silentio
335 2702 473 2766 transiit?
506 2705 612 2766 Utrum
646 2705 718 2766 istas
748 2704 901 2777 lectiones,
935 2723 1009 2783 quae
1042 2703 1186 2782 plurimae
1219 2704 1249 2763 in

187 2809 272 2868 altera
307 2807 434 2868 editione
458 2807 602 2869 Orelliana
639 2817 717 2881 sunt,
751 2808 782 2868 in
805 2809 871 2868 Ant.
895 2817 924 2868 et
947 2807 968 2866 l*
991 2806 1083 2867 fuisse
1106 2806 1249 2885 ignoravit

188 2928 220 2970 an
241 2910 363 2972 consilio
386 2929 434 2971 eas
449 2908 598 2989 neglexit?
635 2912 719 2984 Quod
735 2911 759 2972 si
776 2911 898 2971 consilio
915 2910 1049 2989 neglexit,
1073 2912 1151 2988 quod
1169 2909 1248 2970 istud

190 3013 340 3074 consilium
356 3009 434 3073 luit?
457 3012 529 3073 Nam
546 3013 739 3087 llofmannus,
757 3026 789 3075 ut
805 3021 849 3074 est
866 3013 955 3073 homo
970 3021 999 3073 et
1015 3012 1203 3073 doctissimus
1219 3021 1249 3072 et

192 3115 384 3189 cautissimus,
412 3125 522 3194 quanto
545 3135 631 3195 opere
654 3117 716 3197 ipse
739 3137 794 3177 suo
816 3115 922 3176 iudicio
946 3114 1059 3177 diffidat
1080 3126 1248 3195 quantaque

194 3215 330 3295 diligentia
353 3237 416 3278 eam
450 3236 512 3279 rem
537 3221 751 3280 retractandam
785 3237 850 3280 esse
872 3226 969 3297 putet,
999 3237 1034 3278 ex
1063 3218 1098 3278 iis
1121 3217 1247 3297 quaein

197 3318 244 3380 line
266 3321 353 3382 libelli
378 3321 495 3400 scripsit
517 3322 704 3401 intellegitur.
