2866 4626
553 284 888 347 ——194--

189 463 441 541 Wesenbergium
468 461 642 542 Tyrreilium
671 462 815 524 iudicasse
838 473 995 544 putamus,
1028 464 1078 543 qui
1101 463 1156 524 riri
1179 463 1257 525 docti

188 579 299 630 tautum
327 587 362 629 ex
385 566 513 628 editione
535 567 712 628 Jensouiana
739 579 923 648 receperunt,
956 568 1112 628 lectionem
1136 567 1258 630 Medicei

187 675 354 735 reiecerunt
395 693 428 735 eo
470 673 589 751 quidem
627 673 705 746 loco,
750 693 808 752 quo
846 672 891 733 ed.
928 672 1125 734 iensonianae
1169 673 1257 734 lectio

187 778 372 840 coniecturae
394 777 487 838 instar
510 786 564 838 est.
601 776 675 837 Nam
700 787 794 838 tomen
817 777 938 838 minime
954 796 969 837 3
986 775 1135 837 Ciceronis
1151 796 1256 856 genere

186 883 303 944 dicendi
325 882 482 943 abhorrere
506 880 581 941 inira
604 899 800 960 exponemus3
828 879 854 940 X
878 899 956 950 vero,
979 880 998 940 i.
1015 899 1040 939 e.
1064 881 1254 960 archetypum

186 987 320 1048 omnium
345 985 490 1058 codicum,
513 995 609 1047 tumea
631 983 769 1044 habuisse
793 1003 828 1044 ex
851 982 897 1043 his
920 983 1097 1044 lectionibus
1120 995 1255 1064 apparet:

186 1101 281 1152 tomm
304 1111 330 1152 v.
354 1109 391 1164 c,
415 1089 493 1150 Bosii
516 1109 542 1149 v.
559 1107 582 1150 c.
608 1089 637 1148 in
662 1087 818 1161 Addendis,
842 1087 876 1160 N,
894 1086 928 1159 H,
945 1086 980 1160 0,
996 1087 1027 1159 Ρ,
1043 1087 1081 1160 Μ,
1098 1107 1131 1161 s,
1153 1079 1201 1148 im
1223 1089 1254 1148 [t.

271 1195 415 1268 Quoniam
450 1201 574 1266 constat,
610 1191 680 1270 quid
711 1191 742 1252 in
773 1191 929 1271 archetypo
963 1191 1061 1263 fuerit,
1096 1201 1190 1254 restat
1222 1203 1251 1253 ut

185 1312 280 1361 tomen
303 1297 511 1371 defendamus;
545 1296 625 1375 quod
658 1295 830 1357 vocabulum
860 1295 938 1355 haud
965 1295 1067 1373 paucis
1094 1296 1168 1357 locis
1196 1316 1253 1357 nou

184 1422 247 1463 eam
272 1403 330 1463 vim
355 1401 451 1474 habet,
475 1409 508 1462 ut
530 1399 639 1479 aliquid
654 1399 858 1460 introducatur
873 1400 952 1478 quod
968 1400 1055 1479 plane
1070 1399 1252 1460 contrarium

184 1507 222 1567 sit
245 1507 286 1566 eis
309 1525 384 1584 quae
406 1505 592 1575 antecedunt,
616 1505 668 1564 sed
690 1512 724 1564 ut
745 1505 835 1564 altera
858 1515 909 1564 aut
932 1522 1005 1564 nova
1022 1503 1252 1576 inadunatum

184 1611 281 1688 itaque
304 1620 473 1671 tamennon
490 1626 652 1687 numquam
671 1608 747 1668 idem
764 1615 851 1686 atque
864 1618 1016 1686 praetereo
1031 1616 1127 1668 sorsat.
1165 1607 1254 1667 Recte

183 1713 273 1791 igitur
289 1731 368 1773 nunc
380 1722 513 1772 servatur
525 1711 595 1772 Cato
608 1711 644 1772 Μ.
656 1714 675 1786 ξ
688 1711 726 1772 16
739 1722 837 1773 uotum
850 1711 927 1773 vobis
939 1728 1054 1773 carmen
1069 1721 1109 1772 est
1122 1722 1148 1773 et
1159 1723 1254 1774 turrim

183 1820 272 1896 ipsius
294 1817 377 1897 Appii
397 1824 490 1877 coastat
512 1819 611 1886 oratio,
641 1823 779 1895 recteque
802 1814 987 1875 Hoiinannus
1010 1826 1040 1874 et
1062 1814 1252 1874 Andresenus

184 1920 218 1980 ad
248 1923 317 1980 tam.
341 1918 382 1980 IX
408 1918 471 1992 9,3
508 1919 682 1999 facillimum
714 1921 768 1979 orit
801 1918 836 1979 33
869 1937 901 1980 eo
928 1919 979 1980 tibi
1003 1922 1059 1997 ipsi
1082 1921 1252 1996 impetrarm

184 2034 210 2085 et
239 2041 317 2084 meos
350 2033 445 2084 tumen
472 2041 570 2102 preces
597 2023 675 2101 opud
707 2039 772 2083 eum
804 2040 863 2082 uon
891 2025 1043 2083 mimmum
1072 2013 1252 2084 auctoratius

182 2127 330 2188 habiturus
349 2137 419 2206 puto
435 2135 464 2187 et
479 2127 513 2186 33
530 2126 599 2186 iam.
617 2125 656 2185 lX
671 2124 700 2198 2,
718 2125 735 2185 3
759 2125 836 2186 Haec
851 2145 899 2204 epo
914 2130 1061 2206 suspicans
1083 2124 1177 2186 331333
1192 2124 1251 2185 tto-

181 2249 244 2292 moe
260 2248 369 2303 muoso,
393 2241 419 2291 et
441 2241 537 2291 tumen
552 2224 740 2310 λεληθότως
756 2231 929 2291 cousuetudo
944 2230 1052 2290 diorum
1068 2229 1176 2290 cultram
1192 2234 1251 2289 ium

183 2334 302 2395 obduruit
323 2333 467 2395 stomacho
490 2352 551 2395 meo
573 2333 758 2413 interpretati
781 2343 859 2393 sunt.
894 2333 946 2392 uu.
962 2342 1112 2412 praeterea
1128 2332 1164 2392 33
1181 2333 1248 2391 tam.

181 2436 221 2496 lx
245 2436 329 2509 tut
353 2446 379 2497 et
410 2446 505 2497 tcmm
537 2436 604 2497 isaeo
638 2436 727 2497 leuior
760 2447 798 2498 est
823 2437 911 2514 pinpo
938 2436 973 2497 ab
1005 2441 1095 2498 antico
1122 2454 1249 2516 priamo

181 2541 319 2611 debetcum
342 2540 382 2601 tx
406 2539 490 2611 14‚2
519 2550 545 2600 et
574 2549 670 2600 tomen
702 2557 761 2600 ooo
793 2541 920 2601 alienum
954 2549 994 2600 est
1020 2541 1156 2618 dipuitote
1184 2551 1247 2609 trio,

180 2643 217 2703 33
240 2644 297 2703 nu.
316 2642 364 2703 Vll
379 2642 408 2716 3,
427 2643 465 2702 10
489 2653 515 2703 ct
537 2653 632 2703 tomen
646 2641 801 2722 Dionysius
822 2654 931 2711 nostem
954 2642 994 2702 lX
1011 2644 1060 2714 10,
1076 2642 1095 2703 3
1112 2653 1138 2704 et
1154 2653 1247 2705 tumen

181 2765 255 2826 spem
288 2745 340 2806 XII
365 2745 450 2818 19,2
473 2757 499 2806 ot
521 2756 616 2806 tanim
639 2748 706 2826 quid
726 2758 930 2826 procuratores
964 2745 1110 2826 Cornificii
1141 2749 1247 2820 dicum,

179 2849 264 2910 optim
301 2853 388 2921 scire,
423 2847 579 2921 xt112,1
615 2859 642 2910 et
671 2860 764 2911 tumea
792 2849 932 2922 Pisonem,
966 2851 1062 2920 sicubi,
1094 2852 1129 2911 de
1159 2868 1246 2921 cum3

181 2952 215 3012 ad
240 2952 295 3023 Qu.
320 2955 354 3011 ir.
378 2951 418 3011 ΙΙΙ
444 2953 470 3026 1,
487 2951 527 3011 20
550 2962 577 3013 ei
598 2962 693 3013 iumen
715 2953 847 3025 comitim
870 2954 905 3013 33
928 2956 997 3013 tam.
1021 2953 1046 3013 ΙΙ
1065 2955 1114 3026 15,
1130 2955 1150 3013 4
1167 2973 1247 3034 qrrem

182 3066 278 3116 tomen
300 3059 325 3114 si
344 3056 529 3134 reliquissem.
576 3056 782 3136 Compluribus
813 3076 881 3117 vcro
908 3057 980 3117 iocis
1003 3057 1073 3118 illud
1097 3069 1194 3118 tomen
1216 3058 1244 3116 in

180 3157 369 3218 adnotatione
391 3158 490 3218 critica
514 3159 597 3224 latet:
633 3161 709 3220 unde
732 3179 786 3220 nos
809 3160 863 3220 hos
891 3161 970 3220 locos
998 3160 1177 3222 excitamus:
1211 3161 1244 3222 33

179 3263 238 3322 nu.
254 3260 281 3321 X
298 3261 326 3334 6,
346 3263 357 3320 1
387 3263 527 3334 Quocirca
548 3263 600 3324 irae
622 3272 689 3323 suut
711 3262 817 3335 breves,
841 3273 867 3324 et
881 3274 977 3324 tumm
992 3268 1058 3343 quia
1072 3264 1244 3342 festinabam

179 3383 312 3445 eramque
335 3369 511 3444 occupatum
535 3367 632 3426 locum
649 3365 805 3445 Malaspina
828 3366 969 3446 corrupit.
1015 3366 1143 3440 uiuo
1164 3378 1245 3447 poeto

180 3473 295 3548 irreptus
323 3478 350 3528 et
383 3479 478 3529 totum
510 3473 561 3531 scit
586 3469 666 3541 nihil,
700 3470 749 3530 sed
777 3480 817 3530 est
842 3489 901 3532 riou
926 3471 1049 3542 tuorum
1082 3469 1168 3549 plana
1202 3478 1244 3530 est

179 3572 340 3633 sententia:
366 3571 559 3650 ‘Quamquam
589 3568 785 3648 Alexander*)
819 3573 937 3653 ineptus
965 3581 1010 3633 est
1031 3583 1117 3653 poeta
1144 3585 1183 3646 et,
1217 3572 1243 3633 id

179 3675 257 3755 quod
281 3676 405 3736 alterum
422 3684 476 3747 est,
500 3675 573 3735 nihii
593 3676 648 3736 scit
663 3694 759 3756 neque
774 3686 819 3736 est
835 3676 948 3750 dacica,
974 3685 1071 3737 tamen
1089 3676 1242 3738 utilitatem

178 3780 307 3858 aliquam
331 3778 470 3859 praebet!
515 3778 549 3838 33
574 3780 790 3854 sam.1117,4
814 3800 864 3841 uec
885 3791 982 3841 tumen
1004 3789 1087 3841 erarii
1101 3782 1243 3861 consectus

262 4015 285 4080 *)
306 4015 342 4065 ct.
361 4016 378 4064 li
400 4016 469 4078 22‚'i
487 4014 576 4066 Libros
596 4015 747 4081 Alexandri,
765 4015 926 4082 neglegentis
943 4018 1056 4066 nominis
1079 4020 1102 4066 ai
1120 4032 1169 4066 nora
1187 4016 1245 4065 honi

174 4107 271 4168 postue,
290 4101 336 4152 sad
353 4106 439 4151 tuition
457 4118 506 4152 pron
524 4101 630 4152 inutilis.
