2866 4626
670 256 960 319 ...2.-

367 437 532 498 salutatu.
578 438 654 499 Etsi
679 455 745 498 ueu
768 435 976 496 dubitabam
1000 442 1063 494 616.
1109 434 1255 494 Tertius
1279 433 1347 492 des.

366 545 415 603 mi
434 544 642 603 suavissime
664 550 698 601 et
720 541 848 617 optime
869 540 1004 617 frater.

323 692 328 705 .
367 664 439 725 pag.
463 646 513 704 47.
547 644 710 706 Eiusdem
734 641 903 722 Epistola
926 641 968 701 ad
991 639 1238 701 Octavianum.
1276 640 1348 700 lnc.

366 747 405 810 Si
422 767 488 829 per
511 757 597 809 tuas
620 749 774 826 legiones
797 752 861 806 etc.
907 745 982 805 Des
1009 743 1115 804 simul
1140 746 1267 823 fregere
1289 746 1349 806 de-

368 856 475 913 crevi.
521 850 612 911 llaec
635 859 752 911 tamen
781 848 944 927 Epistola
978 865 1045 907 non
1074 856 1126 907 est
1149 847 1349 915 Ciceronis,

369 957 428 1016 sed
452 952 705 1015 declamatoris
728 951 893 1013 alicuius.

322 1107 328 1120 .
366 1078 442 1140 pag.
481 1058 532 1118 49.
592 1056 759 1117 Eiusdem
804 1053 1056 1134 Epistolarnm
1107 1055 1146 1114 ad
1192 1053 1350 1114 Atticum

367 1163 467 1224 Libri
501 1159 574 1221 XVl.
640 1159 724 1220 Hcic
758 1168 879 1218 tamen
914 1156 1020 1218 Liber
1053 1156 1115 1217 11111
1150 1156 1283 1218 desinit
1315 1157 1351 1216 in

368 1265 500 1327 verbis:
535 1283 619 1345 quae
650 1265 688 1324 de
714 1262 878 1324 Caesaris
909 1264 995 1322 actis
1025 1264 1241 1338 interposita
1269 1271 1353 1322 sitiet

367 1387 438 1430 eeou
464 1377 650 1430 seruentur
676 1383 836 1446 maguam
940 1382 1037 1443 quae
1064 1364 1275 1443 pertinent
1307 1365 1352 1424 ad

368 1471 568 1551 Epistolam
590 1471 806 1549 inscriptam
832 1467 860 1529 L.
879 1467 1015 1528 Plauca
1037 1466 1091 1527 Ρν.
1108 1467 1218 1547 liesip.

454 1576 586 1636 Graeca
618 1574 725 1634 rerba
758 1573 834 1633 suis
865 1570 953 1631 locis
977 1580 1063 1632 sunt
1085 1580 1244 1632 exarata
1267 1573 1352 1633 cba-

368 1688 508 1740 ractere
525 1677 716 1758 quadrato,
740 1677 936 1754 eademque
959 1675 1001 1735 ad
1018 1694 1115 1736 oram
1139 1675 1226 1737 libri
1250 1695 1353 1758 repe-

370 1783 442 1844 tita
460 1789 659 1844 occurrunt
676 1781 892 1840 charactere
907 1778 1053 1851 minori,
1077 1787 1208 1843 etcum
1234 1783 1353 1845 inter-

369 1886 575 1966 pretatione
599 1883 740 1955 Latina,
774 1881 983 1961 etquidem
1008 1881 1209 1946 abeodem
1234 1905 1352 1958 manu,

370 2007 478 2067 quarn
524 1989 611 2049 item
656 1988 692 2046 in
737 1984 866 2046 Codice
904 1985 962 2045 Vll.
1015 1985 1352 2064 animadvertimus

370 2111 535 2172 quaeque
565 2102 619 2154 est
641 2088 782 2152 Colucii
805 2087 918 2147 Pierii
951 2088 994 2148 de
1029 2088 1219 2168 Stignano‚
1252 2103 1290 2154 ut
1318 2115 1353 2156 se

372 2195 407 2256 in
431 2195 529 2256 calce
552 2194 701 2255 ultimae
723 2191 871 2272 paginae
895 2191 1118 2268 subscribit3
1146 2205 1227 2275 post
1249 2198 1355 2259 cuius

372 2297 709 2378 subscriptionem
734 2293 984 2372 subiungitur:
1016 2295 1173 2359 Douatus
1195 2300 1354 2364 11661616-
1395 2309 1407 2329 ’

373 2402 428 2464 ius
449 2406 529 2464 emit
551 2421 570 2462 a
591 2400 726 2463 Douata
741 2402 907 2463 Arretiuo
922 2399 1099 2461 Leouardi
1118 2402 1211 2480 tilia.
1245 2405 1355 2468 Eius-

372 2504 447 2566 dem
493 2512 593 2566 certe
637 2523 776 2578 manns,
821 2524 886 2583 qua
924 2503 1082 2566 Coluccii
1126 2506 1353 2588 subscriptio

372 2611 470 2670 facta
493 2616 567 2680 cst,
599 2608 787 2669 videntur
810 2627 895 2669 esse
918 2607 1089 2688 pleraque
1113 2611 1353 2690 marginibus

373 2710 495 2772 totius
544 2710 739 2772 voluminis
783 2714 826 2773 ad
870 2711 1022 2773 indicis
1067 2715 1353 2777 memorabilium

372 2834 502 2876 rerum
542 2815 681 2875 modurn
720 2814 926 2888 commissa,
964 2824 1002 2876 ut
1035 2815 1120 2876 item
1155 2817 1354 2880 lectionum

373 2917 585 2991 varietates,
609 2936 696 2996 quae
718 2920 934 2997 frequenter
957 2931 1157 2982 occurrunt
1181 2969 1286 2984 .....

374 3019 405 3094 2)
428 3020 464 3081 iis
495 3017 683 3094 lectionibus,
716 3040 788 3100 quas
818 3021 929 3083 editio
951 3022 1189 3084 Cratandrina
1215 3022 1356 3098 (basileae

292 3123 384 3200 1528)
401 3123 488 3184 babet
511 3141 643 3202 quaeque
666 3136 767 3203 postea
784 3126 813 3199 C,
840 3135 872 3185 ut
891 3125 921 3185 in
936 3125 1018 3186 libris
1035 3127 1085 3205 qni
1102 3136 1172 3188 sunt
1188 3127 1223 3187 de
1246 3127 1355 3187 finibus

291 3227 434 3288 bonorum
459 3227 657 3287 etmalorum
681 3247 697 3288 a
721 3227 863 3307 Madvigio
886 3227 981 3300 editis,
1005 3231 1163 3309 appellatae
1186 3241 1265 3292 sunt.

375 3329 450 3408 3)Ζ
478 3356 521 3382 =
548 3329 584 3390 iis
618 3330 810 3405 lectionibus,
844 3352 916 3411 quas
950 3353 984 3393 ex
1018 3335 1096 3395 cod.
1125 3334 1356 3395 Turnesiano

290 3431 449 3493 Lambinus
472 3432 502 3492 in
525 3433 570 3492 cd.
587 3433 684 3512 priore
708 3434 852 3507 (Lutetiae
877 3438 957 3498 1565
981 3447 1010 3499 61
1035 3438 1129 3515 1566)
1152 3446 1181 3498 61
1204 3439 1233 3498 in
1257 3446 1358 3518 poste-

290 3534 417 3595 rioribus
440 3534 587 3611 (Lutetiae
606 3536 762 3612 1572-73‚
786 3539 1031 3613 Genevae1577‚
1055 3541 1240 3620 Argentorati
1265 3539 1357 3610 1581,

290 3638 421 3699 Generae
453 3637 548 3716 1584)
582 3638 618 3699 ab
652 3640 715 3702 aliis
750 3644 858 3703 curatis
892 3653 921 3704 et
944 3644 1048 3706 Bosins
1081 3644 1112 3704 in
1146 3662 1198 3704 sua
1229 3642 1358 3704 editione

290 3740 426 3819 (Ratiasti
446 3741 635 3803 Lemovicum
662 3743 757 3823 1580)
781 3747 952 3808 attulerunt.

375 3845 406 3921 4)
429 3844 513 3905 X=
528 3846 602 3906 cod.
621 3845 844 3922 Crusellioo,
867 3849 951 3911 cuius
965 3850 1139 3911 lectionibus
1157 3849 1233 3909 idem
1253 3847 1358 3908 llosius

291 3964 321 4006 se
345 3966 432 4008 usum
457 3967 522 4009 6666
546 3948 674 4028 scripsit.

376 4051 407 4128 5)
430 4051 511 4110 Y:
527 4054 600 4113 cod.
618 4054 826 4115 decurtato
850 4055 893 4116 vel
915 4055 1030 4116 Scibis
1054 4055 1184 4115 eiusdem
1210 4055 1297 4115 Bosii.
