2866 4626
546 243 884 306 -151—

181 423 267 500 pm‘rll.
314 422 391 481 Nova
421 442 465 500 ep.
490 422 591 502 incipit
613 443 628 482 a
651 422 702 496 §3
727 421 785 482 Hoc
807 426 961 500 conscripsi
984 421 1009 482 X
1033 421 1081 482 Kl'
1110 423 1252 484 occubans

182 571 287 584 .....
312 530 498 588 cnerco’tatnnc
521 540 545 588 et
568 547 592 587 c.
632 527 747 586 Omissa
773 534 843 586 sumt
866 525 924 602 [13‚
944 527 958 584 l
984 523 1107 604 Septimo
1133 527 1252 607 deniquo

181 630 225 691 noo
248 676 354 689 .....
377 648 395 689 o
422 641 447 691 to
471 629 546 691 XIII
566 630 630 691 Kal.
661 631 743 692 daton
777 631 894 710 poribus}
943 631 1115 708 Sequuntur
1148 630 1250 690 eodem

182 744 284 793 tenore
309 733 412 805 Qoocris
433 733 515 813 idque
539 732 582 808 (l)
608 738 691 794 ellone
712 754 757 795 noc
778 737 870 812 ipsum
886 777 988 793 .....
1026 733 1098 792 Item
1116 733 1141 792 R
1165 734 1253 793 babet

179 835 336 898 tacebimus
369 841 409 897 cto
392 855 462 916 oque
496 855 534 898 oc
566 856 601 897 no
624 835 648 914 (l
657 843 664 910 J
688 855 757 899 coeo
786 848 853 898 etc
854 837 957 914 tlubi
976 855 1027 897 otoo
1050 836 1254 916 Pelopidarum

181 986 289 1001 .....
314 940 460 1001 3.
485 942 637 1022 qooicpmdl.
687 941 745 1002 lloc
779 944 934 1019 conscotpsi
1112 940 1148 1001 ln
1178 944 1251 1003 oris-

182 1048 309 1107 metricos
325 1038 356 1125 (I
355 1042 362 1105 l
378 1048 446 1105 sotis
462 1062 557 1105 crocco
559 1055 650 1106 otnno
666 1055 720 1106 e
707 1044 818 1121 ct.[1t1‚3
838 1046 853 1104 1
871 1044 994 1124 Septobco
1011 1045 1128 1124 denoque
1144 1090 1250 1105 .....

181 1151 266 1212 lotoe
300 1152 350 1230 qni
350 1149 409 1224 bns]
447 1147 551 1219 Quoris
577 1149 659 1228 inique
687 1154 772 1210 ctoono
794 1168 854 1224 noc3
888 1148 991 1209 eodem
1016 1148 1141 1227 denique
1165 1149 1252 1209 modo

183 1253 204 1312 P
229 1253 300 1326 hiat,
325 1253 381 1313 nisi
404 1254 482 1332 quod
506 1264 532 1313 ot
554 1264 587 1314 ct.
612 1262 738 1332 utroque
761 1254 824 1314 loco
847 1251 992 1314 omissum
1014 1262 1066 1313 est.
1100 1251 1253 1330 Ointeger

183 1368 228 1418 est
257 1377 352 1436 neque
378 1357 459 1430 13‚1
485 1358 585 1437 quibos
607 1361 721 1437 poneris
742 1359 827 1438 idque
851 1360 937 1419 ctione
959 1356 1055 1428 habet,
1090 1357 1140 1416 secl
1176 1365 1253 1416 recte

182 1472 275 1540 atquc.
320 1461 378 1522 Res
413 1481 471 1540 quo
507 1461 593 1522 modo
628 1464 701 1522 lacta
737 1462 784 1536 sit,
818 1461 952 1541 pluribus
987 1460 1083 1522 modis
1116 1459 1253 1541 explicari

183 1574 294 1644 potest:
328 1585 383 1626 nos
408 1584 475 1625 vero
499 1563 705 1639 conicimus*),
741 1576 791 1626 aut
826 1584 893 1626 eum
928 1564 979 1644 qui
1005 1563 1112 1626 ΜΡ
1135 1563 1254 1642 sculpsit

183 1687 272 1729 suum
289 1668 437 1748 exemplar
460 1688 525 1728 cum
550 1668 573 1729 E
596 1667 756 1728 contulisse
772 1677 859 1746 atque
874 1667 915 1728 ita
931 1667 1078 1741 accidisse,
1103 1676 1136 1728 ut
1151 1666 1251 1727 eadem

182 1781 340 1844 exsecaret,
370 1781 421 1832 aut
443 1771 473 1832 in
496 1781 616 1851 parente
638 1771 773 1832 codicum
797 1770 1067 1834 E†0†R÷P
1096 1790 1142 1844 ea,
1176 1790 1251 1849 quae

183 1876 359 1937 Eomittere
374 1876 539 1948 iubebatur,
563 1876 641 1936 notis
662 1895 727 1936 esse
750 1875 911 1955 significata
934 1875 1034 1954 eisque
1058 1873 1135 1935 notis
1158 1874 1190 1948 E,
1221 1884 1253 1935 ut

183 1979 396 2058 praescriptum
421 1990 492 2052 erat,
516 1979 743 2057 obtemperasse,
772 1979 796 2040 Ο
820 1997 923 2039 omnes
947 1978 1117 2056 neglexisse,
1147 1977 1251 2039 RIP

184 2101 244 2143 uno
267 2082 331 2143 loco
355 2102 418 2143 esse
442 2083 606 2161 deceptum.

271 2184 294 2244 E
321 2204 383 2259 nos,
418 2194 451 2246 ut
472 2185 605 2245 omnium
629 2185 774 2259 codicum,
802 2186 852 2265 qui
876 2204 955 2246 nunc
977 2195 1048 2246 sunt
1070 2204 1105 2245 ex
1128 2187 1157 2246 Ω
1180 2185 1251 2258 noti,

184 2287 417 2349 vetustissimum
442 2297 591 2368 putamus,
615 2287 654 2348 ita
676 2288 795 2348 maximi
812 2288 976 2350 laciendum
994 2309 1058 2350 esse
1073 2289 1252 2364 iudicamus;

183 2409 252 2452 nam
282 2391 338 2452 etsi
364 2391 541 2452 coniecturis
568 2410 626 2452 non
655 2400 700 2452 est
721 2391 804 2465 liber,
840 2402 937 2454 tamen
971 2394 1004 2468 ie,
1039 2392 1090 2473 qui
1123 2394 1252 2473 scripsit,

184 2495 255 2556 satis
291 2513 394 2574 magna
428 2514 481 2575 pro
516 2496 561 2556 illa
592 2503 685 2555 aetate
716 2495 858 2556 modestia
880 2497 911 2557 in
934 2515 966 2556 ea
988 2515 1020 2556 re
1043 2506 1176 2558 versatus
1200 2508 1253 2558 est.

184 2601 293 2662 Contra
316 2600 346 2659 in
363 2600 397 2672 0,
410 2599 444 2672 R,
457 2598 489 2671 P,
506 2601 583 2671 Ant,
600 2597 632 2670 F,
652 2597 722 2658 Rev.
747 2599 832 2660 multi
855 2618 980 2673 errores,
1004 2599 1114 2661 multae
1136 2619 1255 2679 quoque

184 2705 370 2766 coniecturae
392 2712 479 2781 atque
502 2701 742 2782 interpolationes
764 2703 897 2764 invectae
920 2712 1000 2776 sunt,
1033 2704 1112 2782 quod
1147 2722 1251 2764 recen-

185 2807 308 2869 tioribus
333 2807 514 2886 temporibus
537 2817 629 2880 erant,
652 2807 703 2887 qui
722 2815 834 2869 textum
856 2806 911 2868 sibi
929 2807 1026 2886 potius
1042 2806 1250 2885 corrigendum

183 2931 271 2992 quam
290 2910 515 2972 describendum
536 2921 684 2991 putarent.
720 2914 815 2990 Atque
838 2930 873 2971 ex
895 2911 960 2972 istis
980 2909 1129 2972 codicibus
1145 2910 1171 2970 R
1185 2913 1213 2971 l
1229 2909 1251 2970 P

184 3015 304 3095 pessImi
349 3025 420 3076 sunt
465 3024 601 3094 tantaque
639 3015 754 3076 licentio
791 3014 976 3094 interpolati,
1022 3025 1054 3075 ut
1095 3013 1152 3074 nisi
1189 3013 1252 3075 dira

184 3119 344 3179 necessitas
366 3118 546 3198 penuriaque
569 3118 714 3180 bonorum
740 3117 874 3179 codicum
898 3137 952 3178 nos
969 3126 1085 3196 cogeret
1100 3117 1185 3196 plane
1201 3136 1252 3178 eos

184 3221 378 3301 neglegendos
401 3240 598 3283 censeremus

599 3357 645 3411 De
668 3359 695 3411 θ
718 3359 749 3412 et
770 3357 839 3412 ΗΡ.

268 3470 297 3529 Is
326 3467 426 3540 codex,
460 3486 495 3527 ex
518 3487 577 3546 quo
601 3467 635 3541 0,
653 3467 725 3540 nr
752 3467 875 3547 profecti
904 3475 984 3539 sunt,
1016 3485 1103 3545 quem
1139 3485 1192 3526 nos
1222 3467 1252 3526 Φ

186 3572 374 3653 appellamus,
410 3588 469 3629 uno
502 3571 566 3630 loco
589 3571 704 3631 chartas
727 3570 865 3630 habuisse
892 3569 1008 3629 videtur
1030 3569 1154 3641 solutas3
1182 3586 1250 3628 nam

186 3674 304 3746 Χ1136,
323 3672 479 3746 1-37‚1
510 3673 622 3735 ΗΒ
658 3673 765 3733 habent
798 3673 922 3755 cffnpero
953 3689 1013 3732 non
1046 3681 1104 3731 tom
1134 3681 1252 3749 propter

186 3796 286 3856 penum
304 3778 370 3856 lepis
386 3772 494 3857 <quio>
513 3775 617 3852 [studeo
632 3795 716 3857 qinono
731 3780 903 3838 nomentano
919 3819 1024 3835 .....
1042 3772 1092 3846 37,
1108 3774 1123 3831 1
1144 3816 1248 3834 .....

190 3883 225 3942 od
255 3899 300 3940 nce
328 3897 436 3959 quoqnoe
462 3883 546 3940 misit.
581 3899 644 3940 eom
665 3885 756 3958 ipsum
781 3879 818 3939 od
840 3880 875 3956 to]
898 3879 1043 3958 epistolum
1066 3880 1131 3938 anisi
1151 3886 1178 3936 ct
1200 3878 1250 3949 od;

254 4067 278 4132 *)
296 4066 400 4119 Curtius
419 4066 514 4132 aliquid
534 4068 656 4119 constitui
675 4076 768 4132 posset,
787 4067 811 4117 si
828 4065 873 4117 ΝΗ
892 4081 921 4116 oo
940 4067 998 4116 loco
1017 4064 1145 4114 adessent.
