2866 4626
465 1045 718 1127 CAPUT
761 1044 795 1127 Ι.

96 1419 175 1480 I‘IRI
208 1419 321 1480 nocui
348 1417 448 1491 QUAE
483 1417 618 1479 S'IUDIA
653 1416 868 1479 POSUERINT
901 1416 939 1476 IN
967 1416 1164 1480 CICERONIS

147 1539 194 1599 nb
228 1538 393 1600 ATTIGUII
426 1538 623 1600 EPISTULIS
656 1537 913 1601 Rucnnsurtms
947 1537 1035 1599 INDE
1069 1538 1116 1598 ΑΒ

523 1659 624 1721 Anno
655 1660 747 1721 1845.

186 1818 247 1880 Etsi
266 1818 297 1880 C.
313 1817 462 1880 Sebirmer
484 1817 514 1879 in
536 1817 696 1897 philologo,
719 1819 740 1878 I.
759 1817 795 1878 H.
813 1817 995 1879 Sohmalzius
1018 1816 1048 1877 in
1073 1834 1165 1877 anna-

96 1922 176 1982 libus
208 1921 398 1984 relationibus
432 1943 448 1984 a
481 1921 624 1983 Bnrsiauo
657 1921 816 1994 institutis,
858 1941 913 1983 nos
947 1920 976 1982 in
1011 1919 1165 1982 annalibus

96 2025 290 2087 relationibus
314 2025 461 2088 societatis
484 2025 674 2105 philologioae
698 2025 895 2086 ReroIInensis
923 2024 957 2084 de
985 2024 1021 2085 iis
1050 2023 1163 2093 studiis,

96 2149 174 2208 quae
213 2131 247 2190 ad
282 2128 430 2192 Ciceronis
470 2130 505 2192 ad
540 2131 598 2191 Att.
634 2130 773 2211 epistulas
800 2127 962 2209 pertinent,
1000 2127 1165 2199 referimus,

38 2256 41 2261 ·
98 2244 213 2307 tamen,
251 2253 309 2312 quo
347 2233 438 2313 magis
476 2242 627 2315 appareat,
664 2253 738 2314 quae
776 2251 823 2293 res
860 2230 908 2292 hio
945 2240 1061 2310 agatur,
1098 2230 1164 2290 bre-

99 2337 177 2398 viter
199 2338 234 2398 de
256 2337 345 2398 altera
369 2337 496 2399 editione
512 2338 656 2399 Orelliana
680 2337 775 2417 iisque
791 2335 895 2396 libellis
912 2343 998 2414 atque
1014 2352 1166 2396 commen·

98 2440 263 2502 lationibns
285 2460 359 2520 quae
382 2442 417 2503 ad
441 2443 562 2504 eandem
587 2461 649 2503 rem
673 2448 808 2521 spectant
829 2438 1054 2520 disputabimus.

187 2544 283 2606 Altera
317 2545 407 2624 igitur
439 2547 529 2608 editio
558 2546 703 2607 Orelliana
737 2563 810 2623 quae
840 2543 937 2605 Turioi
971 2563 1048 2606 anno
1085 2542 1165 2603 1845
1255 2614 1258 2619 p

98 2647 211 2729 prodiit
234 2647 279 2709 his
301 2650 502 2712 fundamentis
526 2650 643 2712 nititur:

190 2750 220 2830 1)
243 2751 271 2810 M
290 2778 332 2804 =
348 2754 419 2814 cod.
435 2752 593 2815 Medioeo
615 2754 689 2834 plut.
704 2752 804 2813 XLIX.
827 2769 910 2812 num.
925 2750 1026 2824 XVIII,
1051 2750 1086 2810 de
1108 2768 1166 2827 quo

99 2853 262 2916 BandinIus
285 2856 315 2915 in
339 2856 460 2936 catalogi
483 2865 554 2919 tom.
571 2857 598 2918 II
619 2877 648 2938 p.
665 2858 728 2920 474
750 2857 821 2917 haee
842 2854 984 2935 prodidit:

186 2959 223 3019 bl.
239 2959 273 3019 T.
290 2959 472 3040 Epistolae
495 2963 534 3022 ad
549 2961 655 3023 Attio.
680 2979 786 3022 mann
807 2959 927 3020 Frano.
944 2957 1166 3020 Petrarohae

98 3071 277 3124 exaratae.

127 3167 147 3227 I.
186 3184 260 3246 pag.
290 3168 317 3226 1.
362 3166 400 3227 Μ.
438 3167 546 3229 Tullii
592 3167 778 3229 Ciceronis
824 3166 1077 3248 Epistolarum
1124 3163 1165 3225 ad

187 3269 224 3330 bl.
263 3270 412 3331 Brutum
453 3270 559 3332 biber
600 3270 809 3351 singularis.
869 3268 983 3350 Epist.
1024 3271 1051 3328 1.
1096 3267 1166 3328 ine.

189 3372 310 3434 Cicero
333 3373 441 3435 Bruto
463 3375 620 3459 1111111111.
652 3374 683 3434 Ι..
702 3373 845 3435 Clodius
867 3371 1168 3452 tribunusplebis

188 3478 386 3557 desipientes
423 3486 487 3540 eto.
546 3477 658 3558 Epist.
697 3476 797 3538 XVIII.
847 3486 883 3538 et
920 3476 1057 3537 ultima
1097 3475 1165 3535 des.

188 3600 340 3660 quaeque
363 3582 406 3642 ud
427 3592 458 3642 te
477 3586 657 3662 pertinere
679 3582 844 3642 arbitror.
873 3579 916 3641 VI.
942 3581 978 3642 K.
1000 3577 1166 3642 81111111.

187 3683 275 3743 Tum
300 3683 514 3746 subiicitur:
543 3677 1166 3764 1111111111111111111111111111.

187 3788 344 3866 explicit.
379 3787 511 3870 loor'pit
534 3790 576 3851 ud
598 3787 633 3860 Q.
649 3788 822 3851 Fratrem.

119 3888 149 3948 ll.
187 3908 263 3968 pag.
290 3890 337 3951 14.
382 3890 547 3953 Eiusdem
579 3892 617 3952 ad
641 3891 814 3964 Quintum
839 3890 997 3951 Fratrem
1022 3887 1167 3968 Episto-

188 3995 297 4055 larum
333 3995 442 4056 Libri
469 3996 518 4056 lll.
563 3995 684 4055 Prima
718 3994 783 4055 ine.
828 3994 964 4055 Murrus
987 3992 1022 4065 Q.
1046 3991 1171 4053 Fratri

155 4094 278 4144 Lehmann,
293 4094 325 4136 De
340 4094 384 4136 Cio.
399 4093 426 4136 ad
441 4096 488 4137 Ate.
503 4095 611 4147 epistulis.
993 4097 1005 4146 l
