2866 4626
553 242 870 309 .—-85-

181 421 341 503 recipiatur
372 441 445 482 neve
480 430 577 482 tamen
611 422 788 499 neglegatur,
823 420 902 499 quod
935 419 1099 493 nescimus,
1137 439 1172 481 an
1206 419 1245 481 ita

183 525 297 587 codices
320 523 472 587 Cratandri
494 523 659 586 habuerint.

267 630 333 702 Quo
362 628 474 691 facilius
504 636 653 709 appareat,
688 626 758 708 quid
781 626 802 689 C
825 636 892 689 etc
919 625 976 687 iam
1001 626 1127 701 valeant,
1161 636 1245 688 notas

183 742 299 795 nostras
323 731 480 812 explicabo.

382 836 468 898 C=
490 835 575 896 lectio
598 834 750 896 Cratandri
772 835 802 896 in
828 833 957 912 margine
980 842 1093 907 novata,

382 959 398 1000 c
421 965 462 991 =
483 938 570 1001 lectio
592 939 746 1000 Cratandri
767 938 797 998 in
823 946 902 999 textu
926 946 1039 1009 novata,

382 1041 445 1104 A¹c
467 1069 509 1094 =
532 1043 553 1104 C
575 1042 762 1103 consentiens
785 1059 851 1102 cnm
875 1036 922 1114 h1,

381 1145 458 1206 h¹²o
480 1172 522 1198 =
543 1165 560 1206 c
581 1144 768 1207 consentiens
791 1163 858 1206 cnm
883 1140 946 1204 ΑΝ.

605 1420 817 1429 ..-.--.---

541 1661 793 1746 CAPUT
832 1662 881 1749 V.

393 2033 441 2095 na
475 2033 608 2095 conica
642 2033 882 2095 runnosnno
905 2060 948 2086 =
970 2031 1036 2111 m).

268 2190 371 2252 Codice
387 2191 569 2253 Turnesiano
586 2192 637 2268 (ita
660 2191 823 2272 appellatur
844 2210 860 2252 a
877 2189 1030 2266 lambino)
1054 2189 1099 2251 vel
1114 2189 1245 2250 Tornae-

183 2293 263 2354 siano
287 2294 331 2355 usi
355 2305 427 2356 sunt
449 2294 493 2354 vel
516 2295 654 2357 videntur
676 2296 720 2355 osi
743 2313 821 2355 esse:

270 2397 298 2471 t)
322 2397 354 2457 Ρ.
376 2398 515 2459 Pithoeus
550 2401 580 2460 in
612 2399 687 2460 libro
721 2398 771 2477 qui
806 2396 977 2459 inscribitur
1005 2395 1243 2458 Adversariorum

182 2500 401 2562 subsecivorum
419 2501 499 2562 Libri
518 2502 550 2562 ll.
584 2501 703 2564 Parisiis
729 2501 819 2562 1565.
857 2500 998 2562 Pithoeus
1021 2519 1090 2561 eum
1113 2498 1243 2560 codicem

182 2604 356 2665 nominatim
391 2623 449 2665 uon
484 2607 586 2678 adfert,
621 2606 671 2667 sed
707 2614 832 2666 veterem
868 2613 897 2665 ct
930 2603 1076 2682 optimum
1106 2603 1245 2684 appellat,

182 2727 247 2769 cnm
274 2726 341 2768 vero
361 2707 501 2769 Pithoeus
524 2708 553 2769 in
577 2727 635 2769 non
660 2708 746 2769 nullis
769 2707 944 2768 lectionibus
967 2725 1034 2768 cum
1059 2706 1194 2768 Lambini
1216 2718 1246 2767 et

182 2810 259 2872 hosii
293 2811 530 2872 adnotationibus
564 2811 739 2882 consentiat,
773 2811 836 2871 iore
863 2810 1001 2890 philologi
1030 2829 1089 2871 non
1112 2810 1245 2871 dubitare

181 2914 326 2986 videntur,
360 2914 432 2993 quin
454 2915 595 2976 Pithoeus
618 2915 681 2995 ipso
704 2914 887 2975 'lurnesiano
922 2933 993 2975 usus
1026 2913 1077 2975 sit:
1111 2932 1173 2986 nos,
1208 2933 1245 2974 ne

182 3017 270 3078 nimis
298 3019 479 3080 confidenter
501 3019 536 3078 de
559 3017 735 3079 lectionibus
757 3037 772 3078 a
795 3017 917 3077 Pithoeo
939 3036 974 3077 ex
997 3017 1017 3076 Z
1041 3017 1143 3078 adlatis
1165 3016 1245 3096 loqui

182 3122 340 3194 videamur,
363 3122 394 3181 in
417 3122 544 3182 editione
568 3121 641 3182 ‘cod
659 3120 746 3182 Pith’
769 3140 924 3200 ponemus,
958 3120 1072 3182 Pithoei
1095 3120 1244 3194 lectiones,

181 3244 254 3303 quae
276 3243 385 3303 paucae
408 3234 487 3296 sunt,
511 3226 594 3305 plane
617 3225 814 3304 negleguntur
836 3244 851 3285 a
875 3224 999 3296 Baitero,
1029 3225 1206 3285 adhibentur
1229 3245 1244 3284 a

183 3327 399 3407 Wesenbergio.

264 3432 296 3503 2)
313 3431 545 3493 Adm'lurnebus
561 3431 590 3491 in
607 3430 796 3491 Adversariis.
826 3431 982 3492 Turnebus
998 3430 1128 3492 codicem
1145 3432 1243 3492 nomi-

181 3535 270 3595 natim
298 3554 358 3595 non
385 3536 492 3607 adfert3
519 3535 570 3595 sed
595 3534 753 3595 Lambinus
776 3535 806 3594 in
831 3536 896 3595 adn.
919 3534 955 3596 ad
978 3534 1023 3594 ed.
1038 3534 1127 3615 prior.
1144 3534 1242 3595 XVlb

180 3643 331 3711 (numeros
347 3639 507 3699 adferimus
522 3658 557 3699 ex
572 3639 617 3699 ed.
632 3638 759 3716 holten),
783 3638 832 3698 Vll
851 3637 924 3712 1311,
947 3637 1024 3699 idem
1047 3639 1082 3699 ad
1104 3637 1149 3698 ed.
1165 3648 1242 3719 post.

248 3901 269 3961 *l
288 3897 314 3948 ln
342 3899 430 3949 multis
457 3898 533 3947 rebus
560 3913 614 3947 cum
634 3894 779 3947 Datlelsouo
807 3897 940 3949 consentio
963 3898 1006 3963 qni
1024 3898 1055 3947 do
1072 3895 1092 3946 Z
1112 3895 1137 3946 iu
1155 3895 1244 3962 Suppl.

180 3982 265 4032 Jahrb.
278 3979 335 4031 lucr
348 3982 423 4031 alass.
436 3978 579 4043 Philologie
598 3979 650 4030 vol.
663 3977 693 4028 ΙΙΙ
712 3996 734 4028 a.
750 3980 882 4029 leta-to
900 3979 1047 4045 disputavit,
1066 3979 1091 4028 io
1105 3994 1152 4027 non
1167 3979 1244 4030 nullis

179 4080 235 4114 cum
255 4062 281 4115 F.
296 4062 435 4114 Schmidtio
455 4064 479 4113 io
499 4060 633 4128 Festgrnss
652 4077 682 4111 ao
702 4060 866 4127 Heerwagen.
903 4061 1006 4127 Erlang.
1027 4060 1100 4113 1882.
