2866 4626
541 219 875 282 *tot-

178 403 310 460 sciturum
331 397 503 458 coniecerat.
520 433 560 438 ---
584 396 646 457 XVI
663 397 691 469 5,
708 395 726 456 3
748 395 835 474 ‘Lego
856 415 889 456 ex
905 395 1077 468 Crusellino,
1102 405 1133 456 ut
1150 395 1238 454 Lam·

180 501 263 561 binus
287 499 463 572 emendavit,
487 498 512 558 0
528 499 629 560 diesin
644 503 777 579 auspiciis
793 498 890 578 lepidi
903 498 992 578 lepide
1008 498 1181 578 descriptos.
1198 534 1239 541 —

181 604 238 664 XVl
256 603 317 680 2,1
337 603 514 681 ‘legendum
532 622 566 663 ex
583 601 754 676 Cruseliino‚
775 605 896 664 alterurn
911 622 930 663 u
944 601 1057 675 ciuem
1079 602 1239 663 Lambinus

181 708 206 767 in
230 706 328 787 priore
351 705 477 767 editione
504 701 559 787 (a)
585 705 758 767 inseruerat.
792 741 833 750 -
866 705 916 766 XV
932 705 1018 779 26‚4
1049 704 1117 766 ‘Nos
1140 724 1237 766 veram

179 810 331 871 lectionem
356 809 473 888 sequuti
497 826 608 883 sumus,
636 828 724 888 quarn
746 809 786 870 ita
808 829 824 870 e
847 809 1010 871 Crusellino
1032 811 1238 889 expressimus,

182 914 216 974 M.
239 913 350 976 Aelium
379 932 451 974 curu
474 912 619 975 liberabis:
652 916 676 974 is
697 932 741 973 rue
761 932 867 993 paucos
888 933 984 993 specus
1007 912 1086 986 etc.';
1119 912 1238 974 Bosium

182 1017 345 1079 coniectura
369 1016 486 1078 Corradi
514 1026 543 1077 et
565 1016 699 1077 Lambini
723 1036 809 1078 usum
832 1037 896 1079 esse
919 1024 1049 1097 apparet.
1070 1052 1110 1061 -
1133 1017 1183 1077 XV
1198 1016 1239 1076 ⁶24

184 1119 404 1181 ‘Tornaesianns
418 1117 519 1192 HNlS,
542 1119 620 1179 unde
637 1119 795 1182 Lambinus
818 1120 943 1182 coniecit
964 1120 1119 1198 legendum
1137 1115 1173 1178 H.
1191 1119 1239 1193 ll,

184 1223 208 1282 id
230 1232 284 1296 est,
308 1223 378 1283 hora
402 1221 538 1283 secunda.
563 1222 613 1282 sed
636 1222 746 1302 liquido
769 1232 918 1284 exaratum
942 1222 1056 1284 eratin
1079 1221 1240 1283 Crusellino

184 1325 215 1385 H.
229 1324 309 1398 llll,
332 1325 388 1385 hoc
410 1336 463 1394 est,
487 1324 557 1385 hora
573 1334 685 1403 quarta.
709 1345 797 1405 quam
820 1326 974 1388 lectionem
998 1328 1108 1387 referre
1123 1346 1240 1405 qnoque

186 1428 295 1489 uidetur
318 1426 542 1501 Tornaesianus,
572 1427 597 1488 si
619 1429 739 1508 propius
762 1440 792 1490 et
813 1429 954 1491 attentius
976 1429 1041 1491 eius
1064 1429 1240 1509 scripturam

185 1530 313 1611 spectes’.
348 1566 390 1574 —
423 1529 472 1590 XV
490 1531 572 1604 19,1
602 1531 643 1591 ‘ln
672 1531 835 1594 Crusellino
865 1541 927 1594 erat
951 1533 1129 1594 ANIXTON.
1164 1533 1241 1594 unde

185 1632 305 1695 iudicavi
337 1641 446 1694 certam
481 1652 545 1694 esse
579 1635 777 1696 coniecturam
812 1635 1003 1696 eruditissimi
1039 1636 1092 1696 viri
1123 1636 1241 1697 Henrici

186 1737 322 1818 Stephani
355 1737 403 1798 hic
435 1737 589 1816 legendnm
624 1739 818 1801 existimantis
852 1735 1013 1803 ἀνυστόν’.
1038 1773 1078 1784 -
1100 1737 1150 1799 XV
1168 1738 1239 1799 181

186 1841 417 1909 ‘Tornaesianus
451 1851 477 1902 et
497 1845 528 1901 in
551 1842 656 1904 mouera
677 1846 840 1924 vipilurern:
875 1842 1063 1916 Crusellinus‚
1097 1853 1123 1903 et
1151 1847 1182 1903 in
1209 1860 1243 1902 eu

185 1965 256 2006 cuno
277 1947 438 2026 vigilarem:
460 1944 588 2024 reposui,
611 1957 638 2008 et
657 1950 688 2008 irc
707 1966 740 2007 ec
756 1966 828 2009 cura
842 1947 998 2028 vigilarem.
1022 1945 1124 2024 quain
1141 1964 1243 2007 emen-

185 2047 298 2109 datione
321 2049 432 2125 gaudeo
455 2048 527 2108 mihi
550 2048 705 2111 convenire
728 2069 795 2111 cnrn
820 2049 934 2112 erudito
957 2058 987 2111 et
1005 2048 1165 2129 perspicaci
1183 2048 1244 2109 viro

187 2153 263 2213 lusto
286 2151 402 2232 Lipsio'.

267 2254 386 2315 Talibus
408 2253 581 2315 lectionibus
604 2275 639 2315 ex
659 2256 821 2318 Crusellino
844 2268 873 2318 et
892 2256 1048 2318 [lecurtato
1072 2274 1138 2316 cum
1164 2264 1243 2316 totus

187 2357 260 2418 Rosii
282 2357 397 2419 libellus
419 2359 544 2419 retectus
567 2359 618 2432 sit,
652 2360 751 2422 nullus
774 2360 831 2421 nisi
855 2379 900 2420 me
923 2359 996 2421 fallit
1018 2359 1099 2419 locus
1122 2368 1180 2432 est,
1214 2359 1243 2417 in

186 2481 241 2539 quo
265 2460 369 2522 Rosius
396 2460 546 2541 scripserit
573 2461 797 2525 ‘Tornaesianns
824 2464 946 2524 eandem
970 2462 1124 2524 lectionem
1147 2462 1243 2531 habet,

186 2583 271 2643 qnam
293 2563 450 2644 Malaspina
474 2565 531 2637 (vel
554 2567 698 2628 Corradus
729 2567 773 2627 vel
796 2566 943 2629 Manutius
974 2566 1017 2626 vel
1040 2564 1177 2643 Sigonius
1202 2565 1244 2624 vel

188 2667 311 2748 lipsius)
335 2667 502 2729 coniectura
533 2669 681 2749 repperit':
716 2670 794 2730 unde
823 2688 878 2730 nos
907 2676 985 2730 recte
1014 2669 1129 2729 efficere
1158 2676 1245 2748 puta-

189 2789 259 2844 mus,
290 2771 408 2833 Bosium
437 2773 468 2832 in
496 2772 642 2852 plerisque
668 2771 739 2833 locis
767 2781 853 2852 atque
876 2771 1049 2833 lectionibus
1077 2772 1112 2832 de
1136 2771 1156 2831 Z
1184 2789 1244 2831 non

188 2873 314 2934 mentiri.

270 2977 390 3051 Deinde,
424 2987 458 3039 ut
492 2978 568 3040 Bosii
601 2977 838 3040 adnotationibus
872 2996 908 3038 ex
941 2978 961 3038 Z
995 2979 1142 3058 plerisque
1175 2976 1246 3038 locis

188 3082 271 3142 iidem
295 3081 458 3142 hahendam
483 3101 546 3142 esse
570 3081 744 3154 existimem,
778 3082 850 3142 haec
872 3101 918 3142 res
942 3081 1019 3155 facit,
1053 3082 1131 3160 qnod
1161 3100 1246 3159 saepe

190 3184 303 3246 Rosinm
328 3184 512 3246 incredibiles
535 3187 674 3264 quasdam
699 3195 785 3264 atque
808 3185 895 3245 etiam
919 3186 1036 3246 insanas
1052 3185 1191 3246 lectiones
1211 3203 1246 3244 ex

190 3286 342 3348 Decurtato
365 3297 393 3348 et
414 3288 575 3350 Crusellino
598 3290 711 3350 adferre
731 3288 823 3361 video,
848 3299 880 3349 nt
901 3290 964 3368 ipse
986 3289 1055 3349 inde
1078 3287 1247 3348 coniciendo

189 3389 373 3472 impudenter
387 3390 541 3453 lectionem
559 3393 673 3465 efficiat,
690 3392 814 3452 eundem
831 3410 897 3452 raro
913 3393 957 3453 vel
972 3411 1118 3472 nusquam
1131 3392 1246 3453 Turne-

188 3495 267 3557 siano
290 3495 389 3556 codice
411 3495 446 3556 ad
470 3514 533 3556 eam
557 3514 618 3557 rem
640 3495 720 3556 abuti
741 3506 825 3575 pnto;
849 3495 879 3555 in
902 3495 938 3555 iis
961 3496 1037 3556 enim
1062 3495 1245 3565 coniecturis

189 3618 258 3678 quas
282 3617 315 3660 se
337 3598 453 3659 haurire
475 3619 510 3659 ex
534 3598 686 3661 drusellini
709 3599 753 3659 vel
776 3597 922 3659 Decurtati
944 3598 1119 3660 lectionibus
1143 3598 1246 3659 Rosius

188 3703 335 3774 adfirmat,
364 3701 472 3763 multae
495 3711 566 3764 sunt
588 3722 654 3764 cum
679 3703 816 3764 audacter
839 3701 1015 3781 excogitatae
1038 3711 1100 3763 tum
1126 3700 1247 3762 minime

188 3813 281 3866 rectae
309 3814 395 3883 atque
419 3804 523 3880 bonae3
557 3805 587 3866 in
610 3805 646 3866 iis
669 3823 737 3866 vero
760 3806 947 3880 coniecturis,
982 3825 1054 3884 quas
1078 3804 1181 3865 Bosius
1212 3822 1247 3863 ex

189 3906 206 3967 Z
229 3927 261 3969 se
277 3907 394 3968 haurire
410 3908 519 3983 scribit,
543 3910 708 3989 complures
731 3919 801 3970 sunt
824 3909 959 3990 optimae,
983 3927 1143 3988 perpaucae
1159 3908 1248 3968 falsae

189 4031 282 4090 neque
317 4029 385 4071 vero
418 4021 477 4073 tam
512 4012 599 4073 falsae
634 4022 728 4073 tamve
762 4013 949 4092 impudenter
981 4010 1172 4090 excogitatae,
1214 4018 1247 4072 ut
