2866 4626
557 267 870 330 -64-..

264 444 403 525 Quisquis
426 445 502 507 banc
525 444 599 506 viam
623 464 656 506 ac
678 444 822 506 rationem
857 443 888 505 in
916 443 950 506 ii's
974 442 1150 505 lectionibus
1174 463 1248 524 quas

180 549 340 612 Cratander
361 551 479 611 novavit
501 549 644 630 sequitur,
679 569 738 611 non
763 549 849 611 babet
882 549 961 629 quod
989 567 1037 609 eas
1060 549 1248 628 quaestiones

183 674 255 734 quas
278 654 334 716 sub
357 653 439 715 abc
460 654 614 734 posuimus
631 652 773 734 expediat,
797 652 935 733 quoniam
957 652 1019 733 ipse
1035 651 1196 714 Cratander
1219 671 1249 712 se

180 760 263 819 novis
287 757 436 819 codicibus
461 777 546 819 usum
572 777 635 818 esse
658 755 768 817 scribit.
813 755 894 816 ldem
918 755 1112 817 Cratandrum
1136 753 1174 815 Α2
1197 775 1247 816 ex-

180 862 334 941 pressisse,
358 880 424 922 raro
439 861 474 920 Α1
494 880 578 921 usum
596 880 660 922 esse
676 859 822 932 inveniet3
844 878 911 920 nam
930 859 1056 920 aldinam
1072 878 1148 938 quae
1171 879 1247 920 auno

183 964 261 1025 1521
288 964 398 1044 prodiit
414 963 606 1024 Cratandrum
631 962 793 1042 neglexisse
816 972 897 1042 puto.
936 963 1069 1024 Detracta
1093 982 1161 1024 vero
1179 963 1243 1024 Cra·

181 1069 313 1129 landrina
337 1067 466 1129 editione
489 1068 524 1128 de
546 1063 584 1127 Α2
607 1077 636 1128 et
658 1067 694 1127 Α1
724 1066 831 1128 multae
863 1077 950 1146 atque
984 1087 1074 1128 novae
1107 1066 1247 1128 lectiones

180 1172 377 1252 reperiuntur,
400 1190 475 1251 quae
498 1179 527 1231 et
549 1171 579 1230 in
602 1171 631 1231 M
653 1181 683 1231 et
705 1171 733 1230 in
750 1168 814 1230 WZ
838 1180 868 1231 et
889 1170 918 1231 in
943 1170 978 1231 iis
1001 1189 1074 1249 quos
1098 1189 1152 1231 nos
1177 1190 1247 1232 con-

180 1275 302 1336 tulimus
325 1274 474 1336 codicibus
498 1283 582 1335 sunt:
606 1274 759 1354 plerasque
782 1293 850 1335 vero
878 1273 948 1335 istas
971 1274 1111 1336 lectiones
1139 1294 1176 1335 ex
1198 1294 1247 1336 co-

180 1379 293 1440 dicibus
308 1378 454 1458 profectas
471 1397 536 1439 esse
552 1389 681 1458 apparet,
697 1377 850 1458 perpaucis
866 1377 937 1439 locis
954 1379 1115 1440 Cratander
1129 1380 1246 1440 conica

181 1483 254 1544 turis
277 1481 393 1543 videtur
417 1501 487 1543 usus
510 1500 585 1542 esse.

266 1585 354 1647 Recte
379 1604 425 1646 me
450 1605 482 1646 ea
505 1605 580 1665 quae
604 1604 692 1665 supra
715 1585 800 1664 posui
824 1584 931 1646 dixisse
953 1605 988 1646 ex
1012 1585 1058 1647 bis
1081 1585 1171 1648 rebus
1194 1605 1246 1666 ap-

180 1709 281 1770 parere
308 1700 398 1770 puto:
435 1689 464 1769 a)
493 1689 652 1751 Cratander
686 1708 745 1749 non
781 1689 868 1750 modo
900 1689 929 1749 in
958 1708 1024 1769 epp.
1047 1690 1083 1751 ad
1106 1690 1246 1763 Atticum,

181 1795 285 1856 sedin
312 1794 411 1855 multis
434 1794 516 1855 libris
540 1794 689 1864 Ciceronis
712 1793 852 1854 lectiones
875 1793 923 1872 (C)
947 1794 975 1853 in
1001 1794 1131 1872 margine
1154 1812 1246 1874 appo-

182 1900 255 1972 suit;
283 1899 390 1978 quibus
413 1898 589 1960 lectionibus
618 1916 686 1959 cum
709 1897 739 1957 in
764 1897 846 1958 libris
869 1897 904 1957 de
927 1896 1036 1958 finibus
1058 1897 1247 1958 recensendis

179 2002 337 2082 Madvigius
361 2011 390 2063 et
412 2001 544 2063 Baiterus
569 2002 613 2063 usi
637 2001 704 2074 sint,
738 2001 816 2081 quod
839 2000 1055 2080 intellegebant,
1084 2001 1105 2063 C
1129 2000 1246 2062 similli-

182 2124 259 2166 mam
283 2125 347 2166 esse
370 2105 518 2166 codicibus
542 2104 662 2184 optimis
685 2105 773 2183 quid
796 2087 826 2166 et
847 2105 868 2164 B
891 2104 1083 2184 appellantur,
1106 2086 1246 2185 eae'quae

179 2210 208 2269 in
232 2208 295 2269 aliis
317 2208 408 2282 libris,
434 2209 558 2269 maxime
582 2209 609 2269 in
632 2207 812 2269 Academicis
833 2207 979 2288 prioribus
1001 2218 1031 2269 et
1052 2207 1083 2269 iu
1105 2208 1188 2270 libris
1211 2207 1246 2269 de

179 2311 365 2386 divinatione,
388 2311 588 2386 inveniuntur,
612 2330 691 2373 nuuc
706 2314 791 2392 plane
807 2311 906 2385 latent,
930 2310 985 2372 etsi
1001 2312 1022 2373 C
1045 2310 1075 2372 in
1090 2311 1156 2373 istis
1172 2312 1245 2372 Aca-

179 2415 300 2476 demicis
329 2416 408 2476 etin
432 2415 515 2477 libris
538 2416 572 2476 de
595 2415 772 2477 divinatione
800 2416 899 2495 magni
926 2415 1013 2496 pretii
1041 2425 1124 2488 sunt,
1159 2402 1246 2496 paulo

181 2518 302 2580 minoris
338 2519 368 2579 in
404 2517 487 2580 libris
520 2519 555 2579 de
588 2519 712 2598 legibus,
750 2520 831 2600 parvi
867 2520 898 2580 in
935 2518 1018 2580 libris
1055 2519 1091 2580 de
1129 2519 1243 2590 officiis,

177 2622 207 2683 iu
231 2622 403 2684 Tusculanis
431 2622 693 2702 disputationibus,
727 2626 756 2684 in
784 2623 867 2684 libris
899 2622 1062 2685 rhetoricis.
1108 2622 1196 2695 Quod
1220 2621 1244 2682 si

178 2726 208 2787 in
231 2726 267 2787 iis
289 2725 372 2787 libris
395 2746 411 2788 c
433 2727 468 2787 de
491 2725 527 2785 Α2
551 2736 580 2787 et
600 2725 637 2786 A¹
662 2727 841 2800 detrahitur,
875 2745 925 2788 eae
947 2726 1097 2800 lectiones,
1129 2745 1205 2806 quae
1228 2746 1243 2787 a

179 2830 338 2891 Cratandro
360 2839 481 2892 novatae
503 2840 583 2902 sunt,
606 2831 740 2910 plurimis
763 2831 834 2892 locis
857 2849 925 2891 cum
951 2829 1071 2910 optimis
1093 2829 1243 2892 codicibus

178 2933 376 3007 consentiunt,
410 2953 468 2995 non
501 2933 600 3013 paucis
623 2934 694 2994 locis
717 2933 756 2994 ita
779 2933 815 2995 ab
837 2934 928 2994 isdem
952 2933 1102 2995 codicibus
1126 2934 1242 2995 dissen-

180 3038 265 3111 tiunt,
289 3048 322 3100 ut
344 3058 372 3111 c,
395 3037 414 3097 i.
430 3057 456 3098 e.
479 3037 565 3100 lectio
594 3039 792 3100 aCrataudro
823 3047 940 3112 novata,
975 3057 1041 3099 vera
1074 3037 1115 3099 sit
1146 3037 1240 3099 lectio.

178 3139 237 3201 Nos
259 3141 330 3202 istas
345 3141 486 3203 lectiones
508 3142 640 3203 nondum
659 3141 813 3214 edidimus,
838 3143 892 3203 hoc
915 3161 1062 3222 rogamus,
1085 3151 1120 3203 ut
1135 3141 1190 3202 bac
1212 3141 1240 3202 in

178 3263 209 3304 re
244 3254 346 3306 nostro
380 3245 488 3307 iudicio
524 3246 567 3306 vel
600 3245 698 3324 potius
732 3254 850 3306 nostrae
881 3246 947 3307 fidei
981 3245 1053 3307 fides
1089 3244 1241 3306 habeatur.

178 3346 209 3426 b)
233 3349 265 3408 ln
290 3348 471 3410 Academicis
499 3348 711 3428 posterioribus
744 3349 790 3410 ed.
814 3347 1003 3411 Cratandrina
1036 3348 1178 3410 lectiones
1212 3348 1241 3408 iu

178 3452 307 3531 margine
331 3453 478 3532 appositas
512 3472 571 3513 non
606 3452 707 3526 habet,
741 3452 900 3512 sententias
923 3453 1045 3513 Graecas
1068 3453 1104 3514 ad
1127 3460 1240 3514 textum

178 3555 314 3617 Latinum
344 3556 523 3635 pertinentes
558 3556 657 3617 babet:
690 3555 721 3615 in
757 3555 801 3616 bis
834 3569 933 3617 autem
971 3555 1054 3617 libris
1081 3557 1242 3618 Cratander

177 3659 250 3720 nibil
278 3660 414 3733 mutavit,
448 3660 557 3721 nullam
593 3659 746 3720 lectionem
776 3659 902 3720 novavit.
946 3665 974 3732 cl
1000 3661 1031 3720 ln
1054 3660 1188 3721 oratione
1210 3660 1242 3722 in

177 3763 209 3823 P.
234 3763 380 3824 Vatinium
398 3762 556 3824 Cratander
572 3762 680 3826 multas
703 3782 810 3843 easque
829 3762 920 3824 bonas
936 3764 1081 3825 lectiones
1104 3763 1133 3824 in
1160 3783 1243 3825 mar-

178 3867 244 3946 gine
266 3865 419 3947 apposuit,
450 3866 527 3927 idem
561 3869 591 3928 in
621 3878 701 3928 textu
730 3868 836 3929 multas
863 3867 1003 3929 lectiones
1025 3867 1144 3929 novavit
1166 3888 1243 3948 quae

178 3989 244 4031 cum
272 3971 391 4051 optimis
414 3970 562 4031 codicibus
584 3970 781 4033 consentiunt.
827 3971 856 4046 d)
878 3971 912 4032 In
935 3971 1066 4032 oratione
1088 3972 1117 4032 in
1142 3971 1175 4033 L.
1193 3972 1244 4033 Pi·

178 4093 279 4134 sonem
311 4094 401 4154 usque
435 4075 469 4134 ad
494 4073 567 4148 §38
591 4075 748 4136 Cratander
781 4075 891 4136 nullam
925 4076 1012 4138 babet
1044 4077 1073 4136 in
1110 4079 1245 4159 margine
