2866 4626
557 257 893 320 -163—

186 436 287 513 itaque
310 455 395 516 quom
417 454 472 496 nos
495 435 525 496 in
547 436 576 496 Σ
595 435 695 509 luisse,
717 455 891 516 quamquam
912 435 942 496 in
967 435 991 495 H
1014 454 1049 496 ex
1065 441 1095 495 A
1111 437 1155 496 vel
1178 435 1257 496 exll

186 543 354 619 profectum
378 558 442 600 esse
465 549 613 619 putamus.

273 642 419 715 Quoniam
444 661 485 715 ea,
515 661 589 720 quae
613 641 648 702 de
671 645 699 703 Σ
719 650 749 702 et
772 649 802 702 A
826 643 871 702 vel
893 650 971 702 certa
995 641 1039 701 vel
1062 641 1122 702 veri
1149 640 1254 702 similia

188 745 328 806 videntur
350 765 423 818 esse,
447 745 645 824 exposuimus,
670 746 828 806 nunciam

300 929 339 982 de
362 928 468 982 codice
491 927 666 981 Veronensi
688 925 939 996 Petrarolraeque
962 927 1144 996 apographo

187 1074 281 1134 pauca
303 1055 476 1133 loquemur3
505 1072 684 1134 quamquam
715 1054 750 1114 de
778 1053 843 1133 ipso
873 1052 972 1114 codice
996 1053 1157 1115 Veronensi
1181 1056 1254 1115 nihil

187 1158 284 1218 dicere
308 1157 460 1230 audemus,
483 1157 560 1235 quod
584 1157 678 1236 qualis
694 1156 783 1219 luerit
798 1176 853 1217 nos
869 1157 1026 1218 nescimus.
1062 1157 1100 1218 Et
1116 1170 1212 1219 tamen
1230 1159 1255 1218 is

187 1261 278 1322 codex
304 1261 487 1334 Veronensis,
512 1261 581 1321 dum
598 1259 627 1319 ll
642 1280 677 1320 ex
697 1280 731 1321 eo
754 1259 869 1340 abipso
892 1260 1049 1322 Petrarcha
1073 1261 1253 1342 descriptum

187 1386 252 1426 esse
275 1365 353 1426 docti
376 1365 511 1426 homines
534 1364 730 1437 crediderunt,
755 1365 861 1424 multas
886 1365 987 1425 turbas
1010 1363 1039 1424 in
1062 1365 1196 1445 epistulis
1219 1368 1255 1427 ad

187 1469 316 1530 Atticum
346 1468 532 1528 recensendis
561 1468 673 1540 ellecit3
707 1486 775 1527 narn
810 1466 949 1547 philologi
983 1467 1061 1547 iique
1091 1468 1254 1530 acutissimi

188 1572 322 1632 homines
346 1571 431 1650 quasi
454 1571 664 1651 superstitione
687 1571 813 1648 quadam
836 1572 913 1651 capti
936 1571 974 1631 ob
1003 1591 1090 1632 unam
1126 1590 1254 1644 causam,

186 1675 266 1752 quod
301 1673 447 1735 Mediceus
480 1684 640 1755 prognatus
675 1682 753 1734 esset
786 1693 820 1733 ex
854 1675 952 1735 codice
981 1675 1143 1735 Veronensi
1171 1675 1255 1754 isque

186 1778 278 1838 codex
294 1796 309 1837 a
325 1777 481 1838 Petrarcha
504 1787 638 1857 repertus
661 1787 747 1850 esset,
771 1784 882 1837 tantam
899 1778 990 1838 codici
1006 1777 1033 1836 Μ
1049 1779 1252 1839 auctoritatem

188 1881 364 1955 tribuerunt,
402 1891 434 1941 ut
470 1879 638 1941 existimare
676 1879 844 1940 viderentur
881 1899 948 1940 eum
987 1879 1126 1953 codicem,
1164 1901 1251 1961 quem

187 1985 344 2045 Petrarcha
367 1983 536 2055 invenisset,
566 2002 597 2043 ea
627 1983 752 2063 ipsam,
786 1983 865 2062 quod
889 2002 904 2042 a
926 1981 1083 2044 Petrarcha
1116 1984 1254 2046 inventus

187 2098 274 2162 esset,
310 2087 443 2148 omnium
477 2086 622 2166 optimum
656 2085 845 2147 iudicandum
878 2105 951 2145 esse.
996 2085 1049 2146 Est
1077 2088 1161 2165 quasi
1187 2089 1254 2168 quis

186 2191 342 2252 concludat
364 2190 480 2251 ‘Terrae
502 2190 558 2252 iste
582 2189 658 2250 filius
679 2208 837 2250 nummum
854 2189 978 2251 invenit:
1002 2209 1104 2252 aereus
1129 2193 1199 2264 fuit3
1223 2194 1253 2254 C.

185 2296 280 2358 lulius
310 2295 416 2356 Caesar
442 2311 598 2354 nummum
628 2293 755 2353 invenit:
788 2312 896 2353 aureus
924 2293 999 2353 luit'.
1038 2293 1140 2373 Neque
1173 2296 1252 2357 enim

187 2399 352 2471 Petrarclra,
386 2416 452 2457 cum
483 2397 562 2457 illum
598 2396 727 2456 codicem
756 2395 877 2470 invenit,
912 2396 940 2456 id
963 2397 1062 2457 animo
1090 2399 1192 2477 agebat
1223 2410 1255 2460 ut

187 2503 331 2582 optimum
356 2500 486 2561 codicem
509 2498 664 2573 inveniret,
687 2519 783 2578 neque
808 2499 834 2560 is
859 2500 960 2573 codex,
982 2519 1069 2579 quem
1098 2501 1254 2564 Petrarolra

186 2605 307 2678 invenit,
346 2623 379 2664 eo
414 2604 478 2683 ipso
514 2613 660 2684 tempore,
695 2623 753 2682 quo
791 2603 928 2663 inventus
962 2612 1008 2662 est
1038 2623 1054 2664 a
1087 2603 1252 2680 Petrarclra,

188 2708 323 2768 meliores
350 2706 490 2768 lectiones
514 2709 635 2768 deorum
653 2709 680 2768 vi
697 2725 730 2767 ac
746 2706 868 2766 numine
889 2705 1008 2785 accepit.
1054 2707 1168 2780 Quanta
1184 2729 1253 2769 vero

186 2811 344 2872 auctoritas
377 2810 505 2871 Medioeo
539 2810 577 2871 ob
613 2830 700 2871 unam
735 2828 868 2881 causam,
908 2809 986 2888 quod
1021 2829 1055 2869 ex
1093 2811 1252 2872 Veronensi

185 2915 283 2975 codice
306 2917 454 2994 prolectus
478 2933 542 2974 esse
565 2914 726 2985 videbatur,
762 2912 870 2973 tributa
893 2912 940 2985 sit,
975 2912 1020 2973 his
1043 2914 1115 2974 locis
1137 2915 1253 2976 intelle-

184 3017 272 3096 gitur.
308 3052 344 3060 -
382 3016 494 3090 114‚3
526 3017 680 3079 Prooeirmcs
713 3015 842 3094 Pompeio
875 3016 1006 3077 sedebam
1038 3016 1083 3091 ld,
1120 3018 1253 3080 Procomm

184 3121 347 3200 Pompeium
370 3115 513 3204 sedebunt]
537 3121 595 3181 ‘Sic
617 3121 733 3181 restitui
756 3139 790 3179 ex
813 3118 961 3178 Iliomede.
1007 3119 1084 3191 Quin
1108 3120 1150 3180 sic
1166 3121 1253 3181 habet

183 3235 212 3285 et
234 3226 326 3285 codex
349 3224 563 3285 Turnesianus:
588 3225 638 3284 sed
662 3222 845 3295 correctoris,
875 3243 925 3282 seu
950 3222 1048 3302 potius
1071 3224 1252 3304 corruptoris

184 3347 289 3388 manus
312 3329 408 3389 locum
432 3327 605 3407 inquinavit,
633 3338 663 3387 et
692 3324 867 3406 depravavit'
891 3324 1087 3400 hambinus²;
1117 3332 1252 3405 protrime

182 3431 345 3509 Pompeium
361 3431 488 3509 L(mgo),
512 3430 567 3490 ZB.
599 3430 650 3490 list
672 3430 751 3508 quod
768 3428 853 3488 llosio
876 3427 1067 3489 diffidendum
1086 3428 1132 3501 sit,
1156 3447 1251 3507 neque

183 3553 251 3594 vero
274 3534 419 3613 estquod
444 3534 619 3594 Lambiuum
650 3531 769 3592 mentiri
800 3531 972 3605 credamus3
1006 3533 1103 3609 itaque
1137 3543 1251 3592 certum

181 3647 235 3710 est,
259 3637 290 3696 in
313 3636 495 3698 Turnesiano
517 3641 648 3714 prosince
672 3636 835 3715 Pompeium
858 3634 958 3695 fuisse.
1004 3633 1158 3695 Diomedes
1182 3654 1250 3695 vero

182 3749 235 3799 art.
261 3758 382 3816 gramm.
406 3740 456 3799 lib.
483 3741 491 3799 l
516 3759 543 3818 p.
568 3739 629 3800 410
654 3738 698 3798 ed.
723 3738 794 3798 lleil.
819 3738 890 3798 haec
913 3738 1014 3798 habet:
1039 3743 1149 3818 ‘prope
1164 3757 1250 3817 prope

180 3862 224 3902 rue
247 3855 295 3913 cst,
321 3854 351 3903 ut
375 3843 444 3904 dicit
468 3844 567 3903 dicero
592 3843 620 3901 in
645 3842 781 3902 Pisonem
806 3841 876 3901 dixit
901 3842 969 3900 item
993 3845 1144 3919 proximus
1167 3841 1249 3901 Pom-

176 3952 275 4026 peium
305 3947 433 4007 sedebam
469 3948 518 4005 sod
553 3956 582 4005 et
616 3947 712 4007 dativo
740 3945 820 4005 crisui
855 3944 930 4003 idem
968 3944 1068 4004 Cicero
1105 3945 1178 4005 dixit
1214 3945 1249 4005 ad

179 4054 311 4113 Atticum
332 4055 453 4128 propius
473 4053 661 4129 prorruuutt'co
683 4048 808 4110 occessi'.
855 4049 1023 4109 Claudioare
1054 4050 1124 4109 llaec
1152 4049 1250 4109 onmia

1038 4151 1087 4203 ll*
