2866 4626
466 261 803 325 ——205--

99 447 210 500 mutata
233 448 294 512 est3
328 459 396 501 nam
425 439 500 502 ultr
528 439 637 501 habent
673 437 768 524 (coe)
798 438 890 501 multo
917 442 1013 500 oricus
1039 438 1168 519 dilioeus,

97 543 233 622 idemque
248 561 306 605 uon
320 543 480 605 Cratander
495 544 608 625 primus
624 542 737 605 inserit.
769 543 868 621 ltaque
884 542 954 603 inX
969 539 1064 626 (reon)
1078 542 1168 605 multo

97 646 190 707 fuisse
213 655 343 728 apparet,
365 665 425 708 uoto
447 647 539 708 fuisse
563 646 651 708 etiam
675 647 705 707 in
729 645 798 708 Yet
813 649 842 707 Ω
864 645 1059 724 intellegitur:
1083 664 1118 705 ex
1139 645 1168 705 Ω

96 767 155 810 uon
177 751 206 809 in
230 753 259 811 Σ
279 759 441 832 receptum,
469 750 540 812 aA
558 769 626 811 vero
658 749 801 811 omissum
825 759 879 811 est.
924 748 1008 821 Quod
1026 749 1050 809 si
1068 744 1165 831 (nete)

97 854 188 916 multo
226 855 374 925 scribitur,
408 854 479 915 illud
514 873 578 915 omo
615 853 797 914 reiciendum
831 872 896 914 esse
930 860 1065 934 apparet3
1099 870 1167 911 nom

101 957 231 1037 Operum
249 969 327 1020 tuom
351 958 475 1019 metitum
497 975 561 1018 omo
586 1003 592 1017 .
611 1003 618 1018 .
636 1003 642 1017 .
661 1002 667 1016 .
693 953 778 1040 (qui)
796 961 835 1018 sis
849 960 881 1018 iu
895 961 952 1019 tuis
966 955 1057 1017 multo
1072 959 1169 1016 minus

98 1061 217 1140 ‹liliyeos
239 1081 325 1143 ortem
346 1065 378 1122 iu
399 1061 559 1123 messioni
583 1068 713 1140 poterat3
742 1079 802 1121 non
825 1069 925 1141 potest
946 1059 1017 1121 ferri
1046 1060 1168 1120 multem

96 1183 161 1225 omo
185 1211 191 1224 .
211 1210 217 1225 .
235 1211 266 1225 ..
295 1169 345 1245 qui
366 1170 404 1226 sis
425 1168 457 1224 iu
479 1167 536 1225 tuis
567 1161 665 1247 (eote)
696 1163 785 1225 otorlto
814 1167 909 1225 miuus
937 1163 1057 1243 diliyees
1083 1178 1167 1242 quom

95 1271 125 1327 ire
146 1272 231 1329 oreis:
255 1288 290 1328 ex
312 1268 377 1348 ipso
400 1268 479 1329 euim
503 1285 561 1329 uon
582 1269 672 1329 multo
694 1276 824 1348 apparet,
848 1286 909 1328 non
932 1275 1023 1328 totam
1048 1282 1166 1345 operum

96 1370 132 1430 ob
160 1371 256 1432 Attico
283 1371 314 1431 in
348 1379 442 1433 unius
470 1370 620 1432 Ciceronis
647 1371 736 1432 rebus
763 1370 902 1432 consumi
935 1378 1023 1449 atque
1053 1367 1171 1430 omertdi

97 1474 219 1535 verbum
237 1494 297 1535 non
320 1493 386 1536 esse
400 1485 513 1555 aptum.
548 1474 725 1555 Reponendo
737 1475 828 1554 igitur
842 1483 889 1536 est
903 1475 986 1554 prior
1001 1473 1168 1534 coniectura

98 1574 164 1658 <0>
190 1597 306 1658 operam
333 1588 414 1640 tuom
442 1578 564 1639 multem
594 1577 692 1658 itaque
722 1579 908 1657 explicando:
939 1576 1112 1637 ‘Mehercule
1135 1584 1168 1635 tu

96 1680 224 1742 multum
247 1681 381 1754 laborum
404 1701 471 1743 nom
496 1692 525 1743 et
548 1682 618 1742 haec
641 1701 738 1754 curas,
761 1701 836 1761 quoe
858 1700 912 1760 ego
935 1700 1015 1759 rogo,
1039 1689 1069 1740 et
1086 1696 1166 1738 meos

96 1802 143 1843 res
166 1784 284 1864 expedis
307 1793 337 1845 et
360 1794 458 1845 tomen
486 1818 528 1829 -
557 1783 586 1845 id
613 1785 692 1864 quod
719 1785 782 1846 fieri
805 1802 864 1846 non
893 1784 1044 1865 putabam,
1074 1791 1106 1842 tu
1136 1799 1168 1843 re

96 1905 163 1948 vera
193 1888 257 1949 fieri
280 1887 384 1950 scribis
413 1923 454 1933 -
481 1887 512 1949 in
535 1886 595 1950 tuis
617 1905 678 1948 non
701 1888 795 1950 multo
818 1887 918 1950 minus
941 1887 1055 1949 labores
1078 1901 1166 1964 quam

95 1989 126 2050 in
148 1990 241 2051 meis'.

181 2093 245 2154 XIV
265 2096 294 2167 5,
316 2094 345 2154 2.
395 2094 421 2156 0
454 2113 547 2156 meam
583 2094 702 2156 stultum
735 2088 954 2157 uerecundiam!
991 2097 1042 2173 qui
1077 2093 1170 2173 leucri

96 2198 241 2259 noluerim
264 2209 329 2259 onte
356 2216 403 2259 res
428 2199 565 2279 prolutus,
598 2217 635 2260 ue
663 2199 791 2261 deserere
825 2199 937 2260 viderer
964 2198 1039 2259 lunc
1066 2216 1166 2258 rerum

97 2311 252 2372 tumorem
276 2306 323 2362 cui
344 2313 418 2364 certe
441 2306 467 2363 si
486 2321 595 2381 possem
616 2303 732 2373 mederi,
757 2303 848 2364 deesse
870 2321 928 2363 riou
951 2302 1097 2374 delerem
1119 2301 1168 2363 sed

95 2405 171 2465 oe'des
191 2407 384 2484 mouistrotus
408 2409 434 2466 si
453 2405 566 2486 quidem
587 2405 635 2467 illi
646 2409 837 2486 mouistrolus
861 2405 937 2468 eides
954 2402 994 2483 -Ι-
1011 2416 1106 2468 tomen
1122 2403 1162 2480 -l-

96 2513 215 2586 tyromu‘
233 2509 368 2570 satellites
389 2512 420 2569 in
441 2512 593 2588 imperiis.
611 2554 618 2569 .
635 2553 643 2569 .
661 2557 667 2569 .

184 2610 290 2672 Temen
323 2610 354 2670 in
388 2609 509 2671 ORPMs
543 2611 686 2690 scriptum
720 2611 884 2685 invenitur;
918 2611 953 2672 de
987 2611 1069 2672 CZW
1102 2630 1161 2672 non

97 2723 220 2776 constet.
267 2713 441 2776 Schuetzius
463 2725 558 2776 tentem
581 2715 695 2787 delevit,
720 2714 944 2795 Wesenbergius
973 2717 1052 2777 viles
1078 2719 1163 2776 etiem

96 2817 229 2890 coniecit,
258 2817 378 2878 Boetius
408 2817 480 2879 haec
506 2817 626 2878 adnotat
659 2818 813 2880 ‘Particulo
846 2829 943 2880 tomen
970 2819 1097 2881 refertur
1126 2819 1162 2879 ad

95 2920 271 2982 sententium
300 2919 475 3000 cogitatione
502 2921 709 3002 supplendam:
745 2925 873 3002 quemuis
901 2926 990 2984 oect'so
1017 2922 1160 3000 tyrouoo’.

95 3022 155 3085 Nos
178 3043 273 3103 neque
296 3024 465 3086 coniectura
488 3044 563 3105 opus
585 3045 650 3087 esse
665 3033 805 3105 putamus
821 3044 916 3106 neque
932 3025 1067 3086 Bootium
1084 3035 1162 3088 recte

96 3127 182 3188 verbo
224 3127 366 3208 explicare
403 3128 621 3203 existimomus3
663 3148 758 3208 neque
795 3129 873 3190 enim
911 3135 1039 3209 quumvis
1075 3135 1163 3193 occiso

96 3242 219 3309 tyrorum
262 3231 293 3292 in
336 3240 427 3292 totum
471 3232 646 3294 sententiam
691 3232 793 3293 cadere
837 3231 1002 3311 opinamur.
1060 3233 1161 3312 Itaque

95 3334 263 3414 parenthesi
290 3335 451 3396 constituta
478 3335 521 3396 sic
547 3335 784 3416 interpungimus
813 3336 862 3398 sed
882 3336 958 3398 vides
979 3341 1162 3417 mooistratus

92 3473 135 3480 —
168 3442 196 3499 si
227 3439 338 3517 quidem
371 3439 417 3499 illi
441 3444 625 3518 magistratus
656 3475 697 3484 -
729 3440 808 3501 vides
840 3450 936 3501 tomen
968 3444 1088 3518 tyranni
1112 3460 1161 3502 so·

92 3540 193 3602 tellites
210 3585 217 3600 .
236 3585 266 3600 ..
311 3542 418 3603 Eadem
443 3542 588 3603 sententia
611 3552 656 3604 est
678 3543 740 3604 xtv
756 3544 821 3617 6,2
849 3543 906 3605 Sel
926 3545 1003 3604 viles
1025 3544 1160 3615 eonsules,

93 3644 171 3705 vides
192 3646 316 3724 reliquos
341 3649 535 3726 mooietrotus,
565 3650 591 3708 si
610 3650 659 3708 isti
678 3652 871 3727 mouistrotes,
893 3647 971 3708 vides
993 3645 1159 3725 lanquorem

93 3747 241 3809 bonorum.
298 3748 466 3810 Adierimus
496 3749 607 3811 similes
636 3751 812 3812 sententias:
843 3750 955 3820 116,6
978 3753 1005 3809 si
1024 3750 1160 3810 iudicium

92 3861 147 3924 est3
181 3870 235 3930 pro
258 3851 364 3912 Milone
388 3851 461 3926 §33
484 3857 511 3914 si
531 3852 603 3933 leues
629 3855 822 3916 nominandae
848 3863 915 3913 sunt
942 3872 975 3914 oc
1002 3869 1061 3914 uon
1082 3854 1160 3931 foces

91 3954 181 4027 urbis,
213 3964 303 4034 pestes
329 3959 375 4016 rei
397 3956 544 4035 pullicum
578 3976 631 4036 pro
660 3957 765 4018 Roscio
793 3958 856 4017 Am.
881 3955 978 4031 §134
1008 3959 1034 4016 si
1059 3957 1160 4016 domus

91 4056 158 4116 loeo
181 4057 314 4118 lolemle
335 4070 375 4120 est
394 4063 489 4138 potius
512 4080 596 4140 quom
619 4061 736 4140 officere
758 4065 896 4142 nequitiae
919 4071 946 4119 et
967 4060 1159 4120 deversorium
