2866 4626
546 240 633 246 ·—-
691 203 752 266 159
799 239 887 249 -—

178 400 240 442 non
284 381 441 455 credimus,
482 382 559 461 quod
599 381 723 442 eundem
759 381 854 442 vinum
894 381 1012 442 doctum
1047 394 1075 444 ot
1097 385 1252 462 prudotim,

182 486 262 565 quod
286 484 316 544 in
341 485 441 545 eadem
473 485 586 560 §iun
610 494 656 546 est
678 494 765 564 atque
793 486 829 546 ab
852 485 990 546 omnibus
1014 485 1162 548 codicibus
1186 507 1252 568 epp.

180 590 217 650 ad
235 591 293 649 att.
317 589 408 657 abest,
432 588 598 650 additurum
624 588 715 649 fuisse
732 593 893 668 putamus),
917 598 996 649 certe
1016 589 1141 667 genuina
1156 591 1252 664 lectio,

1017 708 1030 740 S

180 779 240 820 non
271 759 438 820 coniectura
468 757 558 834 est*).
604 761 689 833 Quod
719 780 786 821 cum
816 780 874 822 una
901 762 987 823 lectio
1016 782 1029 823 c
1057 763 1169 840 signata
1192 780 1252 822 non

180 864 220 925 sit
248 864 425 936 coniectura,
460 865 542 925 valde
565 865 686 926 dubium
717 875 771 936 est,
805 883 877 925 nuin
902 885 1004 926 omnes
1029 866 1156 944 reliquae
1179 883 1251 925 con·

821 984 834 1016 S

184 1036 312 1097 iacturae
355 1036 429 1107 sint,
465 1055 591 1115 cumque
630 1037 685 1096 ista
725 1045 793 1096 nota
821 1055 834 1097 c
863 1037 957 1109 faciat,
993 1045 1025 1096 ut
1055 1055 1158 1097 omnes
1180 1036 1253 1097 istac

180 1140 321 1200 lectiones
344 1139 440 1218 colligi
463 1152 550 1220 atque
573 1139 651 1200 inter
675 1159 706 1199 se
730 1139 894 1218 comparari
917 1140 1041 1219 possint,
1065 1159 1161 1218 neque
1184 1158 1252 1200 veno

180 1263 261 1304 iiunc
305 1253 429 1315 constet,
486 1254 585 1305 utrum
625 1262 758 1322 quaeque
799 1243 838 1304 ita
887 1243 999 1321 signata
1049 1243 1136 1304 lectio
1181 1262 1253 1304 con-

183 1349 293 1408 iectura
324 1346 362 1408 sit
390 1365 491 1419 necne,
528 1347 621 1407 multo
650 1345 796 1407 difficilius
820 1346 875 1406 enit
898 1346 932 1406 de
955 1346 990 1406 iis
1013 1346 1189 1407 lectionibus
1211 1346 1253 1406 Μ2

182 1451 372 1520 constituere,
406 1469 480 1529 quae
514 1450 597 1528 signo
632 1449 753 1510 omnino
788 1459 897 1510 canent.
943 1450 1061 1511 Accedit
1089 1451 1179 1511 altena
1206 1469 1253 1510 nes

183 1574 275 1633 eaque
307 1553 490 1631 gravissima:
525 1554 678 1632 plerasque
708 1553 849 1614 lectiones
878 1553 918 1612 M²
949 1553 978 1614 in
1006 1553 1160 1614 ENHORP
1189 1573 1253 1614 esse

184 1654 380 1730 diximus**)‚
404 1657 475 1718 iliud
500 1677 557 1718 non
582 1659 716 1730 dicimus
741 1666 841 1718 utrum
867 1658 907 1717 dlss
932 1676 967 1717 ex
982 1660 1010 1717 Σ
1030 1676 1067 1718 an
1090 1658 1194 1718 exNH
1216 1676 1252 1718 an

183 1761 264 1822 enE
292 1781 328 1821 an
351 1780 387 1821 ex
411 1759 434 1820 0
459 1781 495 1821 an
519 1781 553 1821 ex
576 1761 624 1821 ΒΡ
648 1765 795 1841 profectae
819 1761 893 1835 sint3
928 1763 979 1822 sed
1014 1765 1067 1834 iac,
1101 1762 1254 1841 plerasque

183 1866 324 1927 lectiones
347 1864 388 1925 M²
414 1885 448 1925 ex
471 1864 624 1925 undoni>
648 1877 782 1944 sumptas
805 1884 882 1925 esse:
916 1876 1036 1945 apparet
1059 1864 1111 1939 nt,
1141 1866 1196 1926 etsi
1218 1884 1255 1926 ex

183 1970 282 2030 codice
315 1969 412 2047 aliquo
446 1970 585 2031 translata
620 1969 667 2042 sit,
701 1981 799 2030 tamen
831 1969 1028 2030 coniecturam
1059 1988 1124 2029 esse
1152 1988 1254 2048 posse;

183 2074 294 2135 etenim
319 2081 350 2133 ut
367 2079 407 2145 Δ,
431 2071 470 2134 ita
493 2092 531 2133 ne
547 2075 575 2133 Σ
595 2073 713 2151 quidem
738 2091 834 2152 neque
857 2072 878 2132 ii
900 2073 951 2151 qui
974 2092 1008 2135 eo
1024 2073 1159 2152 prognati
1183 2082 1254 2133 sunt

183 2177 298 2238 codices
322 2175 497 2237 coniecturis
520 2177 605 2238 liberi
627 2187 706 2238 sunt.

270 2297 347 2359 llaec
369 2299 393 2358 si
410 2310 488 2359 recte
504 2300 704 2378 exposuimus,
728 2307 857 2378 apparet,
881 2299 1020 2358 lectiones
1037 2296 1089 2370 dP,
1112 2297 1250 2376 quoniam

183 2421 264 2463 nunc
298 2421 356 2462 non
391 2410 514 2475 constat,
549 2411 657 2480 quanta
685 2403 790 2480 cuique
813 2400 931 2461 lectioni
953 2401 1025 2461 fides
1049 2400 1181 2461 habenda
1205 2400 1252 2472 sit,

183 2525 244 2566 non
278 2524 365 2584 posse
397 2505 528 2565 adhiberi
562 2507 596 2565 ad
631 2504 759 2583 reliquos
789 2504 904 2565 codices
931 2504 1141 2565 examinandos
1165 2512 1251 2581 atque

183 2609 391 2669 aestimandos.
430 2607 558 2668 Dulcium
582 2609 659 2668 enirn
689 2620 743 2680 est,
774 2625 845 2667 num
877 2616 956 2668 necte
987 2609 1023 2667 de
1046 2607 1087 2667 ΝΡ
1111 2606 1252 2668 constitui

183 2713 288 2792 possit,
304 2713 380 2790 quod
397 2713 459 2772 lieni
476 2712 581 2791 potuit,
599 2722 631 2773 ut
646 2712 781 2772 homines
798 2711 876 2772 docti
892 2711 1053 2772 Florentini
1069 2711 1252 2772 coniecturas

183 2827 214 2876 et
230 2817 373 2894 genuinas
389 2815 529 2876 lectiones
546 2834 605 2875 non
628 2816 873 2884 internoscerent,
897 2815 1034 2894 quodque
1049 2815 1127 2875 baud
1143 2832 1252 2893 paucae

183 2919 325 2980 lectiones
348 2939 383 2979 ex
405 2919 556 2979 codicibus
580 2929 714 2998 sumptae
737 2929 816 2991 sunt,
839 2938 913 2998 quas
936 2918 1103 2979 coniectura
1118 2918 1252 2978 inventas

185 3042 249 3083 esse
281 3032 409 3103 apparet.
453 3023 555 3101 ltaque
589 3023 624 3082 ad
652 3021 884 3095 ttt.lx16‚2
913 3023 954 3081 bll
988 3022 1077 3082 habet
1108 3022 1252 3101 triumpho

182 3128 302 3208 puudco,
326 3145 449 3205 eamque
471 3126 625 3187 lectionem
651 3126 679 3185 in
696 3125 723 3185 X
739 3126 829 3186 tuisse
845 3125 904 3185 ZL²
928 3134 958 3186 et
974 3125 1019 3185 ZB
1036 3125 1253 3198 demonstrant3

184 3241 264 3291 recte
287 3229 375 3308 igitur
391 3229 550 3290 Lambinus
567 3229 634 3289 inde
650 3229 792 3308 triumpho
806 3230 912 3308 paudio
928 3229 1067 3290 restituit.
1106 3228 1146 3290 ul*
1165 3229 1253 3290 habet

184 3334 328 3413 triumpho
355 3345 380 3394 et
405 3334 522 3413 quaudiu,
557 3334 717 3412 eademque
739 3333 824 3394 lectio
846 3333 875 3392 in
901 3336 928 3392 Σ
953 3333 1113 3394 invenitur.
1157 3332 1251 3394 Nemo

186 3438 310 3511 dubitat,
333 3437 404 3516 quin
427 3456 459 3497 ea
482 3436 567 3497 tectio
593 3455 671 3497 mena
695 3436 861 3497 coniectura
886 3436 933 3496 sit.
967 3435 1044 3508 Quia
1060 3433 1151 3514 engo?
1174 3434 1251 3497 Num

254 3683 277 3748 *)
295 3681 449 3748 impudentis
467 3690 506 3732 est
523 3683 617 3745 dicere,
638 3681 746 3747 quodum
760 3697 773 3731 a
787 3680 906 3731 Coluccio
921 3681 1070 3732 coniectura
1082 3680 1251 3742 excogitatum

186 3775 262 3831 atque
286 3781 346 3814 casu
370 3763 463 3815 sactum
483 3780 547 3825 esse,
572 3773 601 3815 ut
618 3765 667 3814 ista
688 3764 834 3814 coniectura
855 3779 910 3814 cnm
935 3780 997 3814 vera
1025 3762 1136 3813 lectione
1154 3761 1175 3812 F
1194 3777 1252 3811 con·

185 3848 289 3897 sentiat.

255 3930 292 3992 *Ἴ
312 3927 348 3978 Cf.
368 3929 492 3979 lectiones
512 3929 606 3991 vanius,
626 3944 686 3992 quus
707 3945 750 3976 nos
771 3944 849 3992 nuper
871 3928 978 3977 editioni
997 3942 1051 3991 epp.
1066 3925 1198 3975 Ciceronis
1211 3941 1252 3973 se-

185 4016 311 4064 leotnrum
330 4013 360 4062 ab
380 4012 517 4062 Hosuianno
538 4012 673 4062 institutae
692 4011 852 4060 subiecimus.
