2866 4626
238 425 343 504 fnisse,
376 425 562 487 eruditissimi
589 429 660 496 oiri,
693 436 719 486 et
750 428 975 487 innocentissimi
1012 426 1153 504 Episcopi,
1191 426 1308 488 Antonii

240 527 403 607 Arcpnstim':
438 530 470 590 de
493 546 546 610 paco
569 548 635 591 oere
657 530 706 591 boc
730 538 851 607 tempore
874 528 1028 608 offirmare
1049 546 1206 608 possumus,
1231 530 1307 609 qnod

240 650 289 692 sno
318 632 350 693 dc
374 633 408 705 Q.
431 631 568 694 Scoeoolo
596 633 701 694 dimisse
730 631 880 704 Crassum,
908 631 946 691 M.
972 631 1083 694 Tullius
1110 634 1221 694 scribit:
1249 651 1306 693 esse

239 736 322 796 illum
349 733 425 796 loris
449 739 610 814 peritorum
637 736 906 816 eloquentissimum,
938 745 964 796 et
987 735 1188 816 Eloquentiam
1211 734 1304 798 inris-

236 843 452 918 peritissimum:
477 839 550 900 olter
571 841 603 899 in
624 843 728 902 nostris
751 841 867 902 oedibus
889 838 957 900 llioi
975 838 1136 902 Serootoris
1150 839 1304 908 Bononiae,

240 947 270 1004 in
286 945 420 1022 locnplete
443 953 469 1005 et
491 944 673 1004 ornatissimo
687 941 874 1004 Bibliotheca:
898 962 980 1022 picem
1002 962 1050 1023 epo
1073 945 1305 1023 capreolorum,

239 1046 346 1126 olipnot
368 1051 399 1108 in
421 1047 499 1118 locis,
521 1055 553 1107 nt
574 1046 615 1126 pe,
638 1044 720 1105 nollo
743 1045 842 1107 ordine
865 1046 969 1125 ottipi’.

324 1145 428 1222 bnt.*)
446 1158 474 1210 61
490 1149 511 1208 F
527 1147 685 1227 Malaspina
708 1148 823 1229 saepius
847 1167 933 1228 quarn
958 1147 1086 1228 reliquos
1110 1157 1170 1211 tres
1191 1149 1305 1229 priores

240 1261 465 1314 commemorat:
489 1261 609 1333 apparet
631 1259 730 1312 tamen
753 1251 820 1312 Ant.
845 1251 914 1312 etl*
938 1253 1038 1314 multis
1060 1253 1131 1314 locis
1153 1271 1170 1314 a
1192 1252 1221 1313 M
1245 1252 1306 1313 dis-

240 1355 377 1428 sensisse,
399 1355 527 1435 reliquos
552 1364 610 1417 tres
634 1353 798 1416 simillimos
821 1354 912 1416 inisse
936 1356 998 1416 cod.
1016 1355 1145 1417 Medicei.
1191 1354 1233 1415 lle
1256 1374 1306 1415 sex

238 1458 450 1539 posterioribus
473 1458 547 1520 nihil
570 1457 642 1519 certi
665 1457 805 1519 constitui
827 1478 914 1538 posse
937 1467 1018 1539 puto,
1041 1458 1202 1539 quodrarc
1218 1457 1306 1518 exiis

240 1562 379 1623 lectiones
411 1569 681 1623 commemorantur
703 1579 799 1639 neque
821 1561 851 1621 in
876 1563 1011 1642 gravibus
1034 1563 1105 1624 locis
1128 1560 1306 1622 nominatim

238 1665 346 1727 adferri
373 1665 482 1728 solent:
517 1665 600 1727 Card.
625 1683 693 1726 vero
723 1664 847 1726 adfinem
871 1665 962 1728 luisse
984 1666 1052 1728 Ant.
1076 1674 1105 1727 et
1127 1664 1149 1725 F
1177 1684 1213 1724 ex
1245 1681 1305 1723 non

241 1768 329 1830 nullis
352 1768 526 1830 lectionibus
550 1768 672 1830 conicio.

324 1872 390 1933 Ant.
413 1891 474 1933 non
497 1871 624 1952 pendere
647 1891 682 1932 ex
706 1872 733 1932 M
756 1892 791 1934 ex
814 1872 860 1934 bis
882 1873 954 1936 locis
976 1873 1121 1936 intellexi:

323 1974 438 2047 116‚2
462 1974 562 2055 Fufiam
590 1975 657 2036 Aut.
688 1984 717 2037 et
739 1976 850 2055 aliquot
871 1977 926 2039 alia
949 1970 1178 2058 exemplaria**)
1207 1981 1237 2034 61
1258 1973 1308 2034 bic

239 2087 268 2139 et
278 2078 345 2138 alibi
358 2078 436 2139 Mal:
452 2080 548 2157 fnsircs
559 2078 596 2139 Μ.
609 2112 650 2121 --
662 2079 675 2139 Ι
689 2079 738 2154 16,
754 2082 788 2141 11
809 2080 1010 2144 Comissotores
1025 2082 1092 2142 Ant.
1110 2088 1140 2142 et
1155 2095 1305 2139 manuscr.

239 2200 297 2242 non
321 2181 407 2262 pauci
421 2180 500 2242 Mal.:
525 2187 748 2246 conemissotores
764 2184 800 2245 M.
817 2219 857 2230 —
874 2186 887 2245 Ι
905 2185 953 2258 16,
973 2185 1010 2246 13
1034 2183 1120 2264 Fufio
1135 2183 1202 2243 Ant.
1219 2187 1306 2254 (teste

241 2284 306 2345 Mal.
334 2284 370 2344 ad
393 2283 488 2357 11114,
506 2287 547 2360 1);
574 2288 653 2365 fusio
683 2286 721 2346 M.
754 2323 795 2332 -
828 2288 943 2362 linc
972 2287 1067 2350 lsiom
1094 2287 1180 2348 bnt:
1210 2285 1311 2346 risioni

240 2388 278 2448 M.
302 2387 472 2460 -111,4
495 2390 570 2468 qnod
590 2400 616 2451 te
639 2407 780 2452 orcessom
803 2391 870 2452 Ant.
893 2402 924 2452 61
945 2392 1056 2471 aliquot
1079 2389 1125 2451 alii
1149 2388 1228 2449 Mal:
1252 2405 1307 2467 qno

240 2502 264 2551 te
280 2508 422 2552 arcessam
438 2491 475 2551 M.
492 2526 533 2536 —
547 2492 615 2565 116,
636 2493 645 2551 1
667 2492 765 2554 Dnnm
780 2498 876 2555 oirnm
891 2495 977 2555 Ant:
1002 2495 1052 2556 din
1066 2497 1204 2555 nimirum
1217 2490 1232 2551 1
1246 2537 1253 2551 .
1266 2525 1307 2533 -

239 2592 276 2652 lV
293 2594 346 2668 4b,
367 2596 379 2654 1
406 2589 603 2679 [bibliotheca]
626 2596 709 2656 Ant:
730 2593 931 2679 (bibliotheca)
952 2597 988 2658 M.
1004 2631 1046 2640 -
1068 2596 1104 2657 lV
1120 2595 1171 2667 8a,
1188 2595 1207 2654 2
1227 2604 1308 2674 post-

240 2718 325 2777 qnom
347 2703 383 2761 sit
410 2700 460 2762 tibi
480 2698 565 2759 Ant:
589 2707 740 2779 postquem
768 2703 844 2761 misit
866 2699 903 2760 M.
937 2735 979 2744 -
1011 2699 1048 2760 IV
1064 2700 1126 2773 9,1
1151 2699 1309 2778 impediunt

240 2802 323 2863 Ant:
347 2803 512 2882 impendunt
535 2801 573 2862 M.
597 2835 638 2844 —
660 2802 696 2862 lV
716 2804 763 2875 14,
785 2802 804 2862 2
828 2802 871 2862 To
892 2804 976 2864 celim
991 2804 1073 2865 Ant:
1097 2813 1129 2863 nt
1151 2802 1235 2864 velim
1248 2801 1306 2861 M¹:

239 2900 301 2989 [nt]
323 2905 409 2971 velim
430 2905 481 2966 Ml.
512 2937 553 2949 -
584 2903 620 2963 IV
640 2904 722 2978 17‚2
745 2907 858 2986 quidem
885 2908 986 2986 fnisset
1007 2906 1088 2967 Ant:
1118 2905 1231 2986 puidam
1253 2905 1308 2966 od-

238 3011 339 3088 fm'sset
360 3007 397 3068 M.
430 3043 469 3053 -
503 3007 642 3081 1v17‚4
666 3008 752 3070 libere
775 3009 851 3082 Ant,
876 3008 914 3069 C:
938 3009 1010 3070 liber
1032 3008 1070 3068 M.
1098 3041 1139 3053 -
1169 3008 1203 3068 Vl
1223 3010 1249 3078 1,
1265 3007 1305 3067 25

240 3121 369 3173 centenos
384 3111 462 3186 Ant,
478 3109 529 3171 W:
553 3121 683 3173 centenos
706 3112 742 3172 M.
766 3110 950 3184 -1115,1
974 3111 1076 3192 Fnfim
1090 3112 1158 3174 Ant.
1183 3121 1212 3173 61
1234 3111 1307 3172 alter

305 3321 330 3384 *J
347 3321 416 3387 Ant,
443 3321 493 3371 nisi
520 3336 558 3371 me
579 3319 656 3384 fallit,
681 3319 869 3383 aTomasinio,
888 3320 1003 3372 biblioth.
1023 3321 1121 3387 Vcnct,
1141 3338 1163 3388 p.
1186 3321 1214 3371 12
1234 3336 1305 3370 com-

238 3411 406 3466 memoratur;
433 3409 488 3454 tcta
510 3402 664 3453 bibliotheca
686 3403 830 3453 Antoniana
856 3404 974 3455 incendio
994 3411 1034 3455 cst
1057 3404 1156 3467 deleta3
1183 3400 1306 3453 611616-

240 3486 318 3536 vanni
332 3486 400 3546 degli
415 3484 540 3547 Agostini,
562 3485 664 3535 Notizic
682 3485 913 3535 istoriae-criticlne
932 3487 1033 3537 intorno
1051 3488 1076 3536 la
1095 3487 1148 3536 vita
1163 3499 1176 3534 e
1191 3487 1215 3536 16
1229 3501 1306 3551 opere

240 3567 308 3627 degli
329 3567 451 3616 Scrittori
470 3566 602 3616 veneziani
621 3566 749 3627 (Venetiis
771 3566 847 3629 1752)
864 3565 882 3616 l.
897 3569 920 3616 Β.
934 3584 957 3633 p.
973 3568 1018 3631 343
1037 3567 1173 3618 limanucle
1186 3566 1306 3630 Cicogna,

242 3648 383 3698 nscrizioni
402 3649 551 3711 venemens,
569 3646 587 3698 1.
602 3647 627 3697 Β.
642 3664 664 3712 p.
683 3647 745 3711 1893
764 3647 913 3698 Forestiere
932 3649 1075 3699 illuminato
1094 3650 1196 3699 intorno
1209 3649 1233 3699 16
1247 3663 1306 3699 cose

239 3726 282 3795 piin
305 3745 363 3780 rare
383 3768 449 3780 ....
468 3728 535 3779 della
554 3727 616 3780 cittis
636 3730 662 3780 di
681 3728 795 3780 Vcnczia
813 3729 941 3791 (Venetiis
962 3731 1038 3794 1164)
1056 3747 1080 3797 p.
1100 3731 1144 3782 89:
1169 3731 1215 3781 bos
1234 3731 1305 3781 locos

240 3810 421 3877 Castcllanins‚
440 3813 480 3861 vir
493 3813 663 3876 clarissimus,
682 3812 725 3877 qui
740 3811 909 3863 bibliothecae
923 3812 1068 3863 Marcianas
1082 3813 1244 3880 praepositus
1258 3821 1306 3877 est,

240 3891 370 3943 nobiscum
388 3894 590 3944 communicavit.

307 3974 343 4036 **)
361 3974 397 4024 lta
417 3975 519 4041 saepius
538 3975 680 4039 Malaspina
705 3975 809 4036 scribit,
831 3991 875 4024 nos
896 3991 943 4024 non
964 3975 1078 4025 omnibus
1097 3977 1163 4027 locis
1191 3977 1304 4041 reliquos

240 4055 311 4105 codd.
325 4055 482 4122 Malaspinae
501 4054 614 4121 (praeter
634 4058 738 4108 Antei
759 4056 787 4122 F)
807 4057 965 4121 respicimus.
