<?xml version="1.0" encoding="UTF-8"?>
<!DOCTYPE html PUBLIC "-//W3C//DTD XHTML 1.0 Transitional//EN"
    "http://www.w3.org/TR/xhtml1/DTD/xhtml1-transitional.dtd">
<html xmlns="http://www.w3.org/1999/xhtml" xml:lang="en" lang="en">
 <head>
  <title>
</title>
<meta http-equiv="Content-Type" content="text/html;charset=utf-8" />
  <meta name='ocr-system' content='tesseract 3.04.00' />
  <meta name='ocr-capabilities' content='ocr_page ocr_carea ocr_par ocr_line ocrx_word'/>
</head>
<body>
  <div class='ocr_page' id='page_1' title='image "./deciceronisadat00lehmgoog_0156.png"; bbox 0 0 2866 4626; ppageno 0'>
   <div class='ocr_carea' id='block_1_1' title="bbox 430 249 763 313">
    <p class='ocr_par' dir='ltr' id='par_1_1' title="bbox 430 249 763 313">
     <span class='ocr_line' id='line_1_1' title="bbox 430 249 763 313; baseline 0.003 -1"><span class='ocrx_word' id='word_1_1' title='bbox 430 249 763 313; x_wconf 47' lang='lat'>*143—</span> 
     </span>
    </p>
   </div>
   <div class='ocr_carea' id='block_1_2' title="bbox 65 425 1141 1424">
    <p class='ocr_par' dir='ltr' id='par_1_2' title="bbox 65 425 1141 1424">
     <span class='ocr_line' id='line_1_2' title="bbox 66 425 1141 509; baseline 0.003 -22"><span class='ocrx_word' id='word_1_2' title='bbox 66 425 558 509; x_wconf 78' lang='lat' dir='ltr'>habetElMElNETEONEN.</span> <span class='ocrx_word' id='word_1_3' title='bbox 579 429 946 489; x_wconf 84' lang='lat' dir='ltr'>THNIIATPIAITY</span> <span class='ocrx_word' id='word_1_4' title='bbox 957 431 1141 490; x_wconf 82' lang='lat' dir='ltr'><strong>PANNOY</strong></span> 
     </span>
     <span class='ocr_line' id='line_1_3' title="bbox 68 529 1131 603; baseline 0.001 -11"><span class='ocrx_word' id='word_1_5' title='bbox 68 529 401 593; x_wconf 80' lang='lat' dir='ltr'>MENHCAYTHC.</span> <span class='ocrx_word' id='word_1_6' title='bbox 431 530 632 592; x_wconf 84' lang='lat' dir='ltr'>EINANTI</span> <span class='ocrx_word' id='word_1_7' title='bbox 654 530 811 592; x_wconf 82' lang='grc' dir='ltr'><em>ΤΡΟΠΩ</em></span> <span class='ocrx_word' id='word_1_8' title='bbox 834 576 931 603; x_wconf 81' lang='grc'><strong>....,</strong></span> <span class='ocrx_word' id='word_1_9' title='bbox 954 530 977 590; x_wconf 88' lang='grc' dir='ltr'>Ρ</span> <span class='ocrx_word' id='word_1_10' title='bbox 1001 534 1131 593; x_wconf 85' lang='grc' dir='ltr'><em>ΕΙΜΕ-</em></span> 
     </span>
     <span class='ocr_line' id='line_1_4' title="bbox 67 634 1132 698; baseline 0 -2"><span class='ocrx_word' id='word_1_11' title='bbox 67 637 322 696; x_wconf 87' lang='grc' dir='ltr'><em>ΝΕΤΕΟΝΕΝ</em></span> <span class='ocrx_word' id='word_1_12' title='bbox 349 634 888 696; x_wconf 83' lang='lat' dir='ltr'>THHIIATPIATYPANHOY</span> <span class='ocrx_word' id='word_1_13' title='bbox 912 634 1132 698; x_wconf 82' lang='lat' dir='ltr'>MENICAP-</span> 
     </span>
     <span class='ocr_line' id='line_1_5' title="bbox 69 735 1134 817; baseline 0 -19"><span class='ocrx_word' id='word_1_14' title='bbox 69 739 146 799; x_wconf 88' lang='lat' dir='ltr'>TIC</span> <span class='ocrx_word' id='word_1_15' title='bbox 173 735 342 814; x_wconf 87' lang='lat' dir='ltr'><strong>EINAN]</strong></span> <span class='ocrx_word' id='word_1_16' title='bbox 362 738 409 798; x_wconf 84' lang='lat' dir='ltr'>TI</span> <span class='ocrx_word' id='word_1_17' title='bbox 444 738 611 799; x_wconf 86' lang='grc' dir='ltr'><em>ΤΡΟΤΙΩ</em></span> <span class='ocrx_word' id='word_1_18' title='bbox 759 736 888 816; x_wconf 82' lang='lat' dir='ltr'>Uterque</span> <span class='ocrx_word' id='word_1_19' title='bbox 922 737 1010 817; x_wconf 82' lang='lat' dir='ltr'>igitur</span> <span class='ocrx_word' id='word_1_20' title='bbox 1043 739 1134 800; x_wconf 80' lang='lat' dir='ltr'>codex</span> 
     </span>
     <span class='ocr_line' id='line_1_6' title="bbox 66 838 1132 920; baseline 0.001 -18"><span class='ocrx_word' id='word_1_21' title='bbox 66 860 134 903; x_wconf 89' lang='lat' dir='ltr'>cum</span> <span class='ocrx_word' id='word_1_22' title='bbox 159 861 175 902; x_wconf 88' lang='lat' dir='ltr'>c</span> <span class='ocrx_word' id='word_1_23' title='bbox 197 843 345 904; x_wconf 73' lang='lat' dir='ltr'>consentit</span> <span class='ocrx_word' id='word_1_24' title='bbox 368 851 397 902; x_wconf 88' lang='lat' dir='ltr'>et</span> <span class='ocrx_word' id='word_1_25' title='bbox 419 838 452 902; x_wconf 78' lang='grc' dir='ltr'>δ’</span> <span class='ocrx_word' id='word_1_26' title='bbox 476 839 601 901; x_wconf 89' lang='lat' dir='ltr'>omittit:</span> <span class='ocrx_word' id='word_1_27' title='bbox 635 840 702 920; x_wconf 90' lang='lat' dir='ltr'>quis</span> <span class='ocrx_word' id='word_1_28' title='bbox 724 840 832 915; x_wconf 87' lang='lat' dir='ltr'>credat,</span> <span class='ocrx_word' id='word_1_29' title='bbox 866 850 917 903; x_wconf 89' lang='lat' dir='ltr'>aut</span> <span class='ocrx_word' id='word_1_30' title='bbox 939 841 1132 903; x_wconf 82' lang='lat' dir='ltr'>Cratandrum</span> 
     </span>
     <span class='ocr_line' id='line_1_7' title="bbox 66 941 1133 1019; baseline 0 -14"><span class='ocrx_word' id='word_1_31' title='bbox 66 943 236 1005; x_wconf 88' lang='lat' dir='ltr'>coniectura</span> <span class='ocrx_word' id='word_1_32' title='bbox 267 941 303 1004; x_wconf 82' lang='grc' dir='ltr'>δὲ</span> <span class='ocrx_word' id='word_1_33' title='bbox 334 943 427 1004; x_wconf 82' lang='lat' dir='ltr'>eicere</span> <span class='ocrx_word' id='word_1_34' title='bbox 455 953 484 1005; x_wconf 89' lang='lat' dir='ltr'>et</span> <span class='ocrx_word' id='word_1_35' title='bbox 517 963 586 1005; x_wconf 91' lang='lat' dir='ltr'>casu</span> <span class='ocrx_word' id='word_1_36' title='bbox 618 962 686 1005; x_wconf 91' lang='lat' dir='ltr'>cum</span> <span class='ocrx_word' id='word_1_37' title='bbox 713 944 762 1004; x_wconf 88' lang='lat' dir='ltr'>HP</span> <span class='ocrx_word' id='word_1_38' title='bbox 795 946 962 1006; x_wconf 87' lang='lat' dir='ltr'>consentire</span> <span class='ocrx_word' id='word_1_39' title='bbox 998 956 1049 1007; x_wconf 87' lang='lat' dir='ltr'>aut</span> <span class='ocrx_word' id='word_1_40' title='bbox 1075 945 1133 1019; x_wconf 80' lang='grc' dir='ltr'>ΗΡ,</span> 
     </span>
     <span class='ocr_line' id='line_1_8' title="bbox 65 1046 1133 1130; baseline 0.005 -24"><span class='ocrx_word' id='word_1_41' title='bbox 65 1046 118 1127; x_wconf 92' lang='lat' dir='ltr'>qui</span> <span class='ocrx_word' id='word_1_42' title='bbox 133 1046 169 1107; x_wconf 82' lang='lat' dir='ltr'>au</span> <span class='ocrx_word' id='word_1_43' title='bbox 185 1047 354 1108; x_wconf 91' lang='lat' dir='ltr'>hominibus</span> <span class='ocrx_word' id='word_1_44' title='bbox 365 1048 542 1110; x_wconf 86' lang='lat' dir='ltr'>Graecorum</span> <span class='ocrx_word' id='word_1_45' title='bbox 555 1048 763 1110; x_wconf 88' lang='lat' dir='ltr'>vocabulorum</span> <span class='ocrx_word' id='word_1_46' title='bbox 777 1048 922 1129; x_wconf 86' lang='lat' dir='ltr'>imperitis</span> <span class='ocrx_word' id='word_1_47' title='bbox 938 1049 1040 1130; x_wconf 88' lang='lat' dir='ltr'>scripti</span> <span class='ocrx_word' id='word_1_48' title='bbox 1055 1059 1133 1124; x_wconf 91' lang='lat' dir='ltr'>sunt,</span> 
     </span>
     <span class='ocr_line' id='line_1_9' title="bbox 65 1148 1134 1233; baseline 0.002 -22"><span class='ocrx_word' id='word_1_49' title='bbox 65 1148 87 1211; x_wconf 85' lang='lat' dir='ltr'>d</span> <span class='ocrx_word' id='word_1_50' title='bbox 120 1150 265 1225; x_wconf 89' lang='lat' dir='ltr'>omisisse,</span> <span class='ocrx_word' id='word_1_51' title='bbox 299 1152 377 1230; x_wconf 93' lang='lat' dir='ltr'>quod</span> <span class='ocrx_word' id='word_1_52' title='bbox 405 1151 532 1214; x_wconf 82' lang='lat' dir='ltr'><strong>litteram</strong></span> <span class='ocrx_word' id='word_1_53' title='bbox 562 1153 653 1214; x_wconf 89' lang='lat' dir='ltr'>altero</span> <span class='ocrx_word' id='word_1_54' title='bbox 677 1152 775 1214; x_wconf 90' lang='lat' dir='ltr'>codice</span> <span class='ocrx_word' id='word_1_55' title='bbox 798 1153 981 1233; x_wconf 89' lang='lat' dir='ltr'>inspiciendo</span> <span class='ocrx_word' id='word_1_56' title='bbox 1004 1172 1065 1215; x_wconf 94' lang='lat' dir='ltr'>non</span> <span class='ocrx_word' id='word_1_57' title='bbox 1087 1154 1134 1213; x_wconf 94' lang='lat' dir='ltr'>in-</span> 
     </span>
     <span class='ocr_line' id='line_1_10' title="bbox 65 1251 1135 1339; baseline 0.005 -25"><span class='ocrx_word' id='word_1_58' title='bbox 65 1252 231 1315; x_wconf 75' lang='lat' dir='ltr'>uenerunt?</span> <span class='ocrx_word' id='word_1_59' title='bbox 254 1291 294 1300; x_wconf 90' lang='lat'><em>-</em></span> <span class='ocrx_word' id='word_1_60' title='bbox 318 1251 496 1318; x_wconf 77' lang='grc' dir='ltr'><em>κατάλυσιν</em></span> <span class='ocrx_word' id='word_1_61' title='bbox 519 1278 663 1339; x_wconf 79' lang='grc' dir='ltr'><strong><em>πρατεον</em></strong></span> <span class='ocrx_word' id='word_1_62' title='bbox 685 1257 773 1318; x_wconf 90' lang='lat' dir='ltr'>habet</span> <span class='ocrx_word' id='word_1_63' title='bbox 796 1257 833 1331; x_wconf 90' lang='lat' dir='ltr'>M,</span> <span class='ocrx_word' id='word_1_64' title='bbox 865 1259 1135 1339; x_wconf 76' lang='grc' dir='ltr'><strong><em>πραγματευτέον</em></strong></span> 
     </span>
     <span class='ocr_line' id='line_1_11' title="bbox 66 1357 1134 1424; baseline 0.003 -4"><span class='ocrx_word' id='word_1_65' title='bbox 66 1357 102 1420; x_wconf 82' lang='lat' dir='ltr'>C:</span> <span class='ocrx_word' id='word_1_66' title='bbox 125 1361 336 1421; x_wconf 80' lang='grc' dir='ltr'><em>ΚΛΤΑΛΥ</em></span> <span class='ocrx_word' id='word_1_67' title='bbox 355 1360 844 1424; x_wconf 83' lang='lat' dir='ltr'>CINHPATMATEITEOH</span> <span class='ocrx_word' id='word_1_68' title='bbox 862 1361 901 1422; x_wconf 89' lang='lat' dir='ltr'>R:</span> <span class='ocrx_word' id='word_1_69' title='bbox 925 1363 1134 1423; x_wconf 79' lang='lat' dir='ltr'><em>KATAAY-</em></span> 
     </span>
    </p>
   </div>
   <div class='ocr_carea' id='block_1_3' title="bbox 66 1462 1133 1647">
    <p class='ocr_par' dir='ltr' id='par_1_3' title="bbox 66 1462 1133 1647">
     <span class='ocr_line' id='line_1_12' title="bbox 68 1462 1133 1545; baseline 0.004 -23"><span class='ocrx_word' id='word_1_70' title='bbox 68 1464 469 1524; x_wconf 85' lang='grc' dir='ltr'><em>ΠΡΗΡΑΤΜΤΕΙΤΟΝ</em></span> <span class='ocrx_word' id='word_1_71' title='bbox 498 1462 534 1522; x_wconf 87' lang='grc' dir='ltr'>Ρ;</span> <span class='ocrx_word' id='word_1_72' title='bbox 572 1466 673 1542; x_wconf 87' lang='lat' dir='ltr'>ecquis</span> <span class='ocrx_word' id='word_1_73' title='bbox 710 1464 766 1526; x_wconf 90' lang='lat' dir='ltr'>ista</span> <span class='ocrx_word' id='word_1_74' title='bbox 799 1464 965 1526; x_wconf 88' lang='lat' dir='ltr'>litterarum</span> <span class='ocrx_word' id='word_1_75' title='bbox 999 1474 1133 1545; x_wconf 86' lang='lat' dir='ltr'>portenta</span> 
     </span>
     <span class='ocr_line' id='line_1_13' title="bbox 66 1565 869 1647; baseline 0.001 -20"><span class='ocrx_word' id='word_1_76' title='bbox 66 1566 292 1647; x_wconf 78' lang='lat' dir='ltr'>interpolatione</span> <span class='ocrx_word' id='word_1_77' title='bbox 315 1566 346 1626; x_wconf 96' lang='lat' dir='ltr'>in</span> <span class='ocrx_word' id='word_1_78' title='bbox 368 1566 393 1627; x_wconf 90' lang='lat' dir='ltr'>R</span> <span class='ocrx_word' id='word_1_79' title='bbox 417 1578 446 1627; x_wconf 85' lang='lat' dir='ltr'>et</span> <span class='ocrx_word' id='word_1_80' title='bbox 467 1566 489 1625; x_wconf 93' lang='lat' dir='ltr'>P</span> <span class='ocrx_word' id='word_1_81' title='bbox 513 1567 644 1628; x_wconf 86' lang='lat' dir='ltr'>traducta</span> <span class='ocrx_word' id='word_1_82' title='bbox 668 1587 732 1629; x_wconf 87' lang='lat' dir='ltr'>esse</span> <span class='ocrx_word' id='word_1_83' title='bbox 754 1565 869 1629; x_wconf 78' lang='lat' dir='ltr'>credit?</span> 
     </span>
    </p>
   </div>
   <div class='ocr_carea' id='block_1_4' title="bbox 497 1748 702 1803">
    <p class='ocr_par' dir='ltr' id='par_1_4' title="bbox 497 1748 702 1803">
     <span class='ocr_line' id='line_1_14' title="bbox 497 1748 702 1803; baseline 0 0"><span class='ocrx_word' id='word_1_84' title='bbox 497 1748 544 1803; x_wconf 75' lang='lat' dir='ltr'>lle</span> <span class='ocrx_word' id='word_1_85' title='bbox 565 1749 591 1803; x_wconf 87' lang='lat' dir='ltr'><strong>N</strong></span> <span class='ocrx_word' id='word_1_86' title='bbox 613 1751 644 1803; x_wconf 85' lang='lat' dir='ltr'>et</span> <span class='ocrx_word' id='word_1_87' title='bbox 665 1749 702 1803; x_wconf 92' lang='lat' dir='ltr'>H.</span> 
     </span>
    </p>
   </div>
   <div class='ocr_carea' id='block_1_5' title="bbox 62 1877 1133 3725">
    <p class='ocr_par' dir='ltr' id='par_1_5' title="bbox 66 1877 1133 2667">
     <span class='ocr_line' id='line_1_15' title="bbox 153 1877 1132 1959; baseline -0.002 -19"><span class='ocrx_word' id='word_1_88' title='bbox 153 1878 298 1950; x_wconf 84' lang='lat' dir='ltr'>Quoniam</span> <span class='ocrx_word' id='word_1_89' title='bbox 322 1878 423 1952; x_wconf 82' lang='lat' dir='ltr'>exiis,</span> <span class='ocrx_word' id='word_1_90' title='bbox 446 1897 521 1957; x_wconf 91' lang='lat' dir='ltr'>quos</span> <span class='ocrx_word' id='word_1_91' title='bbox 544 1878 705 1952; x_wconf 80' lang='lat' dir='ltr'>attulimus,</span> <span class='ocrx_word' id='word_1_92' title='bbox 729 1877 800 1939; x_wconf 89' lang='lat' dir='ltr'>locis</span> <span class='ocrx_word' id='word_1_93' title='bbox 823 1877 896 1938; x_wconf 93' lang='lat' dir='ltr'>nihil</span> <span class='ocrx_word' id='word_1_94' title='bbox 918 1897 983 1940; x_wconf 90' lang='lat' dir='ltr'>esse</span> <span class='ocrx_word' id='word_1_95' title='bbox 1004 1888 1132 1959; x_wconf 85' lang='lat' dir='ltr'>apparet,</span> 
     </span>
     <span class='ocr_line' id='line_1_16' title="bbox 67 1982 1133 2064; baseline -0.001 -21"><span class='ocrx_word' id='word_1_96' title='bbox 67 1983 145 2061; x_wconf 91' lang='lat' dir='ltr'>quod</span> <span class='ocrx_word' id='word_1_97' title='bbox 169 1985 198 2043; x_wconf 82' lang='grc' dir='ltr'><strong><em>Σ</em></strong></span> <span class='ocrx_word' id='word_1_98' title='bbox 224 2002 259 2044; x_wconf 84' lang='lat' dir='ltr'>en</span> <span class='ocrx_word' id='word_1_99' title='bbox 281 1982 308 2042; x_wconf 89' lang='lat' dir='ltr'><strong>M</strong></span> <span class='ocrx_word' id='word_1_100' title='bbox 336 1990 513 2064; x_wconf 82' lang='lat' dir='ltr'>prognatum</span> <span class='ocrx_word' id='word_1_101' title='bbox 541 2001 605 2043; x_wconf 88' lang='lat' dir='ltr'>esse</span> <span class='ocrx_word' id='word_1_102' title='bbox 633 1993 720 2061; x_wconf 87' lang='lat' dir='ltr'>atque</span> <span class='ocrx_word' id='word_1_103' title='bbox 744 1992 810 2061; x_wconf 86' lang='lat' dir='ltr'>post</span> <span class='ocrx_word' id='word_1_104' title='bbox 834 1982 970 2044; x_wconf 87' lang='lat' dir='ltr'>meliores</span> <span class='ocrx_word' id='word_1_105' title='bbox 992 1983 1133 2044; x_wconf 90' lang='lat' dir='ltr'>lectiones</span> 
     </span>
     <span class='ocr_line' id='line_1_17' title="bbox 67 2086 1131 2168; baseline 0.002 -22"><span class='ocrx_word' id='word_1_106' title='bbox 67 2087 270 2168; x_wconf 81' lang='lat' dir='ltr'>interpolando</span> <span class='ocrx_word' id='word_1_107' title='bbox 303 2087 448 2168; x_wconf 89' lang='lat' dir='ltr'>accepisse</span> <span class='ocrx_word' id='word_1_108' title='bbox 483 2088 675 2167; x_wconf 79' lang='lat' dir='ltr'>suspicemur,</span> <span class='ocrx_word' id='word_1_109' title='bbox 714 2086 847 2165; x_wconf 83' lang='lat' dir='ltr'>sequitur</span> <span class='ocrx_word' id='word_1_110' title='bbox 881 2096 914 2149; x_wconf 88' lang='lat' dir='ltr'>ut</span> <span class='ocrx_word' id='word_1_111' title='bbox 940 2105 1131 2167; x_wconf 83' lang='lat' dir='ltr'>exponamus,</span> 
     </span>
     <span class='ocr_line' id='line_1_18' title="bbox 68 2189 1131 2271; baseline -0.001 -19"><span class='ocrx_word' id='word_1_112' title='bbox 68 2210 143 2270; x_wconf 91' lang='lat' dir='ltr'>quae</span> <span class='ocrx_word' id='word_1_113' title='bbox 177 2190 378 2271; x_wconf 87' lang='lat' dir='ltr'>propinquitas</span> <span class='ocrx_word' id='word_1_114' title='bbox 412 2210 513 2252; x_wconf 88' lang='lat' dir='ltr'>eorum</span> <span class='ocrx_word' id='word_1_115' title='bbox 549 2190 693 2264; x_wconf 89' lang='lat' dir='ltr'>codicum,</span> <span class='ocrx_word' id='word_1_116' title='bbox 727 2189 779 2270; x_wconf 89' lang='lat' dir='ltr'>qui</span> <span class='ocrx_word' id='word_1_117' title='bbox 801 2210 837 2251; x_wconf 88' lang='lat' dir='ltr'>ex</span> <span class='ocrx_word' id='word_1_118' title='bbox 859 2193 888 2251; x_wconf 79' lang='grc' dir='ltr'><em>Σ</em></span> <span class='ocrx_word' id='word_1_119' title='bbox 907 2190 1031 2271; x_wconf 85' lang='lat' dir='ltr'>profecti</span> <span class='ocrx_word' id='word_1_120' title='bbox 1053 2200 1131 2264; x_wconf 81' lang='lat' dir='ltr'>sunt,</span> 
     </span>
     <span class='ocr_line' id='line_1_19' title="bbox 68 2293 1132 2375; baseline -0.001 -19"><span class='ocrx_word' id='word_1_121' title='bbox 68 2314 132 2356; x_wconf 90' lang='lat' dir='ltr'>esse</span> <span class='ocrx_word' id='word_1_122' title='bbox 165 2293 306 2355; x_wconf 83' lang='lat' dir='ltr'>videatur.</span> <span class='ocrx_word' id='word_1_123' title='bbox 350 2293 484 2356; x_wconf 88' lang='lat' dir='ltr'>Primum</span> <span class='ocrx_word' id='word_1_124' title='bbox 519 2294 607 2374; x_wconf 82' lang='lat' dir='ltr'>igitur</span> <span class='ocrx_word' id='word_1_125' title='bbox 629 2293 753 2375; x_wconf 77' lang='lat' dir='ltr'><strong>N-l-H</strong></span> <span class='ocrx_word' id='word_1_126' title='bbox 786 2314 802 2356; x_wconf 87' lang='lat' dir='ltr'>a</span> <span class='ocrx_word' id='word_1_127' title='bbox 835 2294 956 2375; x_wconf 84' lang='lat' dir='ltr'>reliquis</span> <span class='ocrx_word' id='word_1_128' title='bbox 983 2294 1132 2356; x_wconf 84' lang='lat' dir='ltr'>codicibus</span> 
     </span>
     <span class='ocr_line' id='line_1_20' title="bbox 68 2397 1132 2478; baseline -0.001 -19"><span class='ocrx_word' id='word_1_129' title='bbox 68 2398 264 2476; x_wconf 85' lang='lat' dir='ltr'>seiungendos</span> <span class='ocrx_word' id='word_1_130' title='bbox 292 2417 357 2459; x_wconf 91' lang='lat' dir='ltr'>esse</span> <span class='ocrx_word' id='word_1_131' title='bbox 379 2398 410 2458; x_wconf 93' lang='lat' dir='ltr'>hi</span> <span class='ocrx_word' id='word_1_132' title='bbox 432 2398 488 2459; x_wconf 93' lang='lat' dir='ltr'>loci</span> <span class='ocrx_word' id='word_1_133' title='bbox 510 2399 645 2478; x_wconf 84' lang='lat' dir='ltr'>probant,</span> <span class='ocrx_word' id='word_1_134' title='bbox 676 2399 782 2478; x_wconf 87' lang='lat' dir='ltr'>quihus</span> <span class='ocrx_word' id='word_1_135' title='bbox 805 2399 877 2461; x_wconf 87' lang='lat' dir='ltr'>locis</span> <span class='ocrx_word' id='word_1_136' title='bbox 900 2399 1035 2461; x_wconf 90' lang='lat' dir='ltr'>codicum</span> <span class='ocrx_word' id='word_1_137' title='bbox 1059 2397 1132 2459; x_wconf 85' lang='lat' dir='ltr'>EOP</span> 
     </span>
     <span class='ocr_line' id='line_1_21' title="bbox 67 2500 1131 2582; baseline 0.003 -20"><span class='ocrx_word' id='word_1_138' title='bbox 67 2520 134 2563; x_wconf 90' lang='lat' dir='ltr'>cum</span> <span class='ocrx_word' id='word_1_139' title='bbox 170 2500 285 2582; x_wconf 79' lang='lat' dir='ltr'>lll-l-s</span> <span class='ocrx_word' id='word_1_140' title='bbox 324 2503 478 2564; x_wconf 91' lang='lat' dir='ltr'>consensio</span> <span class='ocrx_word' id='word_1_141' title='bbox 511 2502 564 2563; x_wconf 91' lang='lat' dir='ltr'>NH</span> <span class='ocrx_word' id='word_1_142' title='bbox 597 2503 749 2564; x_wconf 91' lang='lat' dir='ltr'>communi</span> <span class='ocrx_word' id='word_1_143' title='bbox 783 2521 882 2565; x_wconf 86' lang='lat' dir='ltr'>errore</span> <span class='ocrx_word' id='word_1_144' title='bbox 914 2503 1046 2564; x_wconf 86' lang='lat' dir='ltr'>laborare</span> <span class='ocrx_word' id='word_1_145' title='bbox 1080 2502 1131 2565; x_wconf 91' lang='lat' dir='ltr'>de-</span> 
     </span>
     <span class='ocr_line' id='line_1_22' title="bbox 66 2614 228 2667; baseline -0.012 0"><span class='ocrx_word' id='word_1_146' title='bbox 66 2614 228 2667; x_wconf 78' lang='lat' dir='ltr'>monstrat:</span> 
     </span>
    </p>

    <p class='ocr_par' dir='ltr' id='par_1_6' title="bbox 62 2709 1132 3725">
     <span class='ocr_line' id='line_1_23' title="bbox 149 2709 1127 2791; baseline 0.004 -22"><span class='ocrx_word' id='word_1_147' title='bbox 149 2709 249 2782; x_wconf 86' lang='lat'>19‚1</span> <span class='ocrx_word' id='word_1_148' title='bbox 284 2709 412 2771; x_wconf 83' lang='lat' dir='ltr'>Nimium</span> <span class='ocrx_word' id='word_1_149' title='bbox 443 2727 514 2771; x_wconf 85' lang='lat' dir='ltr'>roro</span> <span class='ocrx_word' id='word_1_150' title='bbox 546 2711 625 2771; x_wconf 81' lang='lat' dir='ltr'>nolis</span> <span class='ocrx_word' id='word_1_151' title='bbox 657 2710 707 2770; x_wconf 84' lang='lat' dir='ltr'>abs</span> <span class='ocrx_word' id='word_1_152' title='bbox 745 2721 770 2772; x_wconf 90' lang='lat' dir='ltr'>te</span> <span class='ocrx_word' id='word_1_153' title='bbox 809 2713 917 2773; x_wconf 81' lang='lat' dir='ltr'>litterae</span> <span class='ocrx_word' id='word_1_154' title='bbox 950 2711 1127 2791; x_wconf 81' lang='lat' dir='ltr'>adferuntur</span> 
     </span>
     <span class='ocr_line' id='line_1_24' title="bbox 65 2807 1130 2894; baseline 0.005 -23"><span class='ocrx_word' id='word_1_155' title='bbox 65 2807 234 2890; x_wconf 85' lang='lat' dir='ltr'>EOPHs*):</span> <span class='ocrx_word' id='word_1_156' title='bbox 269 2811 293 2871; x_wconf 91' lang='lat' dir='ltr'><strong>N</strong></span> <span class='ocrx_word' id='word_1_157' title='bbox 327 2812 438 2874; x_wconf 87' lang='lat' dir='ltr'>omittit</span> <span class='ocrx_word' id='word_1_158' title='bbox 470 2814 559 2884; x_wconf 82' lang='lat' dir='ltr'>nolis,</span> <span class='ocrx_word' id='word_1_159' title='bbox 593 2811 619 2872; x_wconf 93' lang='lat' dir='ltr'>H</span> <span class='ocrx_word' id='word_1_160' title='bbox 646 2812 776 2892; x_wconf 90' lang='lat' dir='ltr'>positum</span> <span class='ocrx_word' id='word_1_161' title='bbox 804 2823 872 2894; x_wconf 88' lang='lat' dir='ltr'>post</span> <span class='ocrx_word' id='word_1_162' title='bbox 893 2815 944 2876; x_wconf 86' lang='lat' dir='ltr'>abs</span> <span class='ocrx_word' id='word_1_163' title='bbox 976 2824 1001 2876; x_wconf 85' lang='lat' dir='ltr'>ta</span> <span class='ocrx_word' id='word_1_164' title='bbox 1028 2814 1130 2888; x_wconf 87' lang='lat' dir='ltr'>habet;</span> 
     </span>
     <span class='ocr_line' id='line_1_25' title="bbox 65 2914 1130 2997; baseline 0.002 -21"><span class='ocrx_word' id='word_1_165' title='bbox 65 2924 186 2995; x_wconf 86' lang='lat' dir='ltr'>apparet</span> <span class='ocrx_word' id='word_1_166' title='bbox 200 2914 298 2994; x_wconf 81' lang='lat' dir='ltr'>igitur,</span> <span class='ocrx_word' id='word_1_167' title='bbox 322 2916 420 2977; x_wconf 91' lang='lat' dir='ltr'>sedem</span> <span class='ocrx_word' id='word_1_168' title='bbox 439 2917 569 2979; x_wconf 89' lang='lat' dir='ltr'>vocabuli</span> <span class='ocrx_word' id='word_1_169' title='bbox 585 2917 616 2977; x_wconf 94' lang='lat' dir='ltr'>in</span> <span class='ocrx_word' id='word_1_170' title='bbox 631 2915 656 2976; x_wconf 90' lang='lat' dir='ltr'><strong>N</strong></span> <span class='ocrx_word' id='word_1_171' title='bbox 670 2916 709 2997; x_wconf 88' lang='grc' dir='ltr'>-Ι-</span> <span class='ocrx_word' id='word_1_172' title='bbox 723 2917 749 2976; x_wconf 92' lang='grc' dir='ltr'>Η</span> <span class='ocrx_word' id='word_1_173' title='bbox 765 2917 921 2978; x_wconf 86' lang='lat' dir='ltr'>vacillasse.</span> <span class='ocrx_word' id='word_1_174' title='bbox 949 2952 989 2962; x_wconf 92' lang='lat'><em>-</em></span> <span class='ocrx_word' id='word_1_175' title='bbox 1016 2918 1028 2978; x_wconf 94' lang='lat' dir='ltr'>l</span> <span class='ocrx_word' id='word_1_176' title='bbox 1046 2919 1094 2991; x_wconf 83' lang='lat'>17,</span> <span class='ocrx_word' id='word_1_177' title='bbox 1111 2919 1130 2978; x_wconf 84' lang='lat'>5</span> 
     </span>
     <span class='ocr_line' id='line_1_26' title="bbox 65 3019 1132 3100; baseline 0.004 -21"><span class='ocrx_word' id='word_1_178' title='bbox 65 3019 141 3098; x_wconf 79' lang='lat' dir='ltr'>quod</span> <span class='ocrx_word' id='word_1_179' title='bbox 167 3037 210 3080; x_wconf 86' lang='lat' dir='ltr'>me</span> <span class='ocrx_word' id='word_1_180' title='bbox 238 3019 353 3081; x_wconf 82' lang='lat' dir='ltr'>ambitio</span> <span class='ocrx_word' id='word_1_181' title='bbox 380 3021 519 3100; x_wconf 82' lang='lat' dir='ltr'>quaedum</span> <span class='ocrx_word' id='word_1_182' title='bbox 547 3022 586 3082; x_wconf 86' lang='lat' dir='ltr'>ad</span> <span class='ocrx_word' id='word_1_183' title='bbox 613 3021 756 3082; x_wconf 79' lang='lat' dir='ltr'>honorum</span> <span class='ocrx_word' id='word_1_184' title='bbox 778 3022 904 3082; x_wconf 78' lang='lat' dir='ltr'>stitdiuna</span> <span class='ocrx_word' id='word_1_185' title='bbox 927 3020 1060 3082; x_wconf 74' lang='lat' dir='ltr'>nouus:</span> <span class='ocrx_word' id='word_1_186' title='bbox 1094 3021 1132 3083; x_wconf 87' lang='lat' dir='ltr'>ad</span> 
     </span>
     <span class='ocr_line' id='line_1_27' title="bbox 67 3121 1131 3204; baseline 0.004 -22"><span class='ocrx_word' id='word_1_187' title='bbox 67 3121 207 3184; x_wconf 74' lang='lat' dir='ltr'>boneium</span> <span class='ocrx_word' id='word_1_188' title='bbox 239 3124 365 3184; x_wconf 76' lang='lat' dir='ltr'>scaldiam</span> <span class='ocrx_word' id='word_1_189' title='bbox 386 3122 449 3182; x_wconf 90' lang='lat' dir='ltr'>NH.</span> <span class='ocrx_word' id='word_1_190' title='bbox 483 3158 524 3168; x_wconf 94' lang='lat'>—</span> <span class='ocrx_word' id='word_1_191' title='bbox 558 3123 680 3196; x_wconf 82' lang='lat'>117‚8</span> <span class='ocrx_word' id='word_1_192' title='bbox 715 3128 764 3204; x_wconf 81' lang='lat' dir='ltr'>qui</span> <span class='ocrx_word' id='word_1_193' title='bbox 789 3128 916 3203; x_wconf 76' lang='lat' dir='ltr'>primum</span> <span class='ocrx_word' id='word_1_194' title='bbox 943 3124 1020 3186; x_wconf 83' lang='lat' dir='ltr'>illud</span> <span class='ocrx_word' id='word_1_195' title='bbox 1048 3125 1131 3186; x_wconf 80' lang='lat' dir='ltr'>oeldo</span> 
     </span>
     <span class='ocr_line' id='line_1_28' title="bbox 66 3225 1131 3306; baseline 0.002 -19"><span class='ocrx_word' id='word_1_196' title='bbox 66 3229 195 3306; x_wconf 74' lang='lat' dir='ltr'>praviter</span> <span class='ocrx_word' id='word_1_197' title='bbox 225 3225 353 3288; x_wconf 78' lang='lat' dir='ltr'>tulerunt</span> <span class='ocrx_word' id='word_1_198' title='bbox 380 3226 513 3287; x_wconf 88' lang='lat' dir='ltr'><strong>EOPHs:</strong></span> <span class='ocrx_word' id='word_1_199' title='bbox 546 3227 631 3289; x_wconf 81' lang='lat' dir='ltr'>vulda</span> <span class='ocrx_word' id='word_1_200' title='bbox 665 3228 747 3289; x_wconf 85' lang='lat' dir='ltr'>deest</span> <span class='ocrx_word' id='word_1_201' title='bbox 775 3227 805 3287; x_wconf 94' lang='lat' dir='ltr'>in</span> <span class='ocrx_word' id='word_1_202' title='bbox 827 3227 889 3289; x_wconf 91' lang='lat' dir='ltr'>NH.</span> <span class='ocrx_word' id='word_1_203' title='bbox 923 3263 964 3271; x_wconf 86' lang='lat'>—</span> <span class='ocrx_word' id='word_1_204' title='bbox 996 3229 1131 3303; x_wconf 83' lang='lat' dir='ltr'>117,1o</span> 
     </span>
     <span class='ocr_line' id='line_1_29' title="bbox 63 3330 1131 3413; baseline 0.004 -23"><span class='ocrx_word' id='word_1_205' title='bbox 63 3339 136 3399; x_wconf 84' lang='lat' dir='ltr'>tutu,</span> <span class='ocrx_word' id='word_1_206' title='bbox 158 3339 192 3390; x_wconf 83' lang='lat' dir='ltr'>ot</span> <span class='ocrx_word' id='word_1_207' title='bbox 212 3348 303 3410; x_wconf 83' lang='lat' dir='ltr'>sparo,</span> <span class='ocrx_word' id='word_1_208' title='bbox 325 3334 381 3404; x_wconf 85' lang='lat' dir='ltr'>oio,</span> <span class='ocrx_word' id='word_1_209' title='bbox 404 3349 490 3411; x_wconf 80' lang='lat' dir='ltr'>quoni</span> <span class='ocrx_word' id='word_1_210' title='bbox 512 3330 565 3392; x_wconf 83' lang='lat' dir='ltr'>tili</span> <span class='ocrx_word' id='word_1_211' title='bbox 586 3331 688 3392; x_wconf 80' lang='lat' dir='ltr'>litteris</span> <span class='ocrx_word' id='word_1_212' title='bbox 702 3335 770 3392; x_wconf 82' lang='lat' dir='ltr'>satis</span> <span class='ocrx_word' id='word_1_213' title='bbox 786 3331 930 3411; x_wconf 77' lang='lat' dir='ltr'>amplicem</span> <span class='ocrx_word' id='word_1_214' title='bbox 944 3349 1003 3392; x_wconf 83' lang='lat' dir='ltr'>non</span> <span class='ocrx_word' id='word_1_215' title='bbox 1014 3351 1131 3413; x_wconf 79' lang='lat' dir='ltr'>possum</span> 
     </span>
     <span class='ocr_line' id='line_1_30' title="bbox 63 3431 1132 3510; baseline 0.004 -18"><span class='ocrx_word' id='word_1_216' title='bbox 63 3431 197 3494; x_wconf 73' lang='lat' dir='ltr'>copus:</span> <span class='ocrx_word' id='word_1_217' title='bbox 222 3433 247 3493; x_wconf 97' lang='lat' dir='ltr'><strong>H</strong></span> <span class='ocrx_word' id='word_1_218' title='bbox 270 3433 380 3494; x_wconf 91' lang='lat' dir='ltr'>omittit</span> <span class='ocrx_word' id='word_1_219' title='bbox 401 3438 477 3506; x_wconf 85' lang='lat' dir='ltr'>sotis,</span> <span class='ocrx_word' id='word_1_220' title='bbox 500 3433 525 3493; x_wconf 92' lang='lat' dir='ltr'><strong>N</strong></span> <span class='ocrx_word' id='word_1_221' title='bbox 541 3434 629 3496; x_wconf 88' lang='lat' dir='ltr'>habet</span> <span class='ocrx_word' id='word_1_222' title='bbox 643 3439 712 3496; x_wconf 86' lang='lat' dir='ltr'>sctis</span> <span class='ocrx_word' id='word_1_223' title='bbox 727 3435 841 3510; x_wconf 84' lang='lat' dir='ltr'>litteris;</span> <span class='ocrx_word' id='word_1_224' title='bbox 864 3438 901 3496; x_wconf 88' lang='lat' dir='ltr'>cl.</span> <span class='ocrx_word' id='word_1_225' title='bbox 918 3435 953 3496; x_wconf 91' lang='lat' dir='ltr'>ad</span> <span class='ocrx_word' id='word_1_226' title='bbox 969 3435 982 3499; x_wconf 93' lang='lat' dir='ltr'>l</span> <span class='ocrx_word' id='word_1_227' title='bbox 998 3436 1026 3510; x_wconf 84' lang='lat'>9,</span> <span class='ocrx_word' id='word_1_228' title='bbox 1045 3438 1071 3496; x_wconf 90' lang='lat'>1.</span> <span class='ocrx_word' id='word_1_229' title='bbox 1089 3471 1132 3480; x_wconf 93' lang='lat'><em>-</em></span> 
     </span>
     <span class='ocr_line' id='line_1_31' title="bbox 63 3535 1131 3620; baseline 0.007 -26"><span class='ocrx_word' id='word_1_230' title='bbox 63 3535 134 3608; x_wconf 89' lang='lat' dir='ltr'>ill,</span> <span class='ocrx_word' id='word_1_231' title='bbox 156 3536 175 3595; x_wconf 81' lang='lat'><strong>2</strong></span> <span class='ocrx_word' id='word_1_232' title='bbox 208 3538 323 3599; x_wconf 73' lang='lat' dir='ltr'>viduor</span> <span class='ocrx_word' id='word_1_233' title='bbox 348 3542 424 3599; x_wconf 83' lang='lat' dir='ltr'>anina</span> <span class='ocrx_word' id='word_1_234' title='bbox 446 3557 527 3617; x_wconf 85' lang='lat' dir='ltr'>posse</span> <span class='ocrx_word' id='word_1_235' title='bbox 557 3539 663 3620; x_wconf 79' lang='lat' dir='ltr'>ola&#39;qoid</span> <span class='ocrx_word' id='word_1_236' title='bbox 688 3544 792 3602; x_wconf 84' lang='lat' dir='ltr'>nostris</span> <span class='ocrx_word' id='word_1_237' title='bbox 814 3541 898 3603; x_wconf 81' lang='lat' dir='ltr'>rebus</span> <span class='ocrx_word' id='word_1_238' title='bbox 921 3541 993 3602; x_wconf 82' lang='lat' dir='ltr'>lucis</span> <span class='ocrx_word' id='word_1_239' title='bbox 1014 3540 1131 3620; x_wconf 73' lang='lat' dir='ltr'>adferre</span> 
     </span>
     <span class='ocr_line' id='line_1_32' title="bbox 62 3637 1132 3725; baseline 0.007 -28"><span class='ocrx_word' id='word_1_240' title='bbox 62 3637 197 3699; x_wconf 75' lang='lat' dir='ltr'>nouus:</span> <span class='ocrx_word' id='word_1_241' title='bbox 218 3659 299 3721; x_wconf 85' lang='lat' dir='ltr'>posse</span> <span class='ocrx_word' id='word_1_242' title='bbox 322 3641 431 3723; x_wconf 78' lang='lat' dir='ltr'>uli&#39;quid</span> <span class='ocrx_word' id='word_1_243' title='bbox 451 3643 536 3705; x_wconf 80' lang='lat' dir='ltr'>nebus</span> <span class='ocrx_word' id='word_1_244' title='bbox 556 3647 661 3705; x_wconf 80' lang='lat' dir='ltr'>nostris</span> <span class='ocrx_word' id='word_1_245' title='bbox 683 3645 759 3705; x_wconf 79' lang='lat' dir='ltr'>lucri</span> <span class='ocrx_word' id='word_1_246' title='bbox 773 3644 806 3718; x_wconf 80' lang='lat' dir='ltr'>H,</span> <span class='ocrx_word' id='word_1_247' title='bbox 827 3664 908 3725; x_wconf 82' lang='lat' dir='ltr'>posse</span> <span class='ocrx_word' id='word_1_248' title='bbox 924 3644 1032 3724; x_wconf 77' lang='lat' dir='ltr'>oli&#39;quid</span> <span class='ocrx_word' id='word_1_249' title='bbox 1047 3643 1132 3705; x_wconf 81' lang='lat' dir='ltr'>rebus</span> 
     </span>
    </p>
   </div>
   <div class='ocr_carea' id='block_1_6' title="bbox 62 3762 277 3771">
    <p class='ocr_par' dir='ltr' id='par_1_7' title="bbox 62 3762 277 3771">
     <span class='ocr_line' id='line_1_33' title="bbox 62 3762 277 3771; baseline 0.014 -3"><span class='ocrx_word' id='word_1_250' title='bbox 62 3762 277 3771; x_wconf 75' lang='lat'>——.-.—.</span> 
     </span>
    </p>
   </div>
   <div class='ocr_carea' id='block_1_7' title="bbox 61 3827 1130 4140">
    <p class='ocr_par' dir='ltr' id='par_1_8' title="bbox 62 3827 1130 3962">
     <span class='ocr_line' id='line_1_34' title="bbox 62 3827 1130 3896; baseline 0.004 -20"><span class='ocrx_word' id='word_1_251' title='bbox 62 3828 154 3893; x_wconf 85' lang='lat' dir='ltr'>velint,</span> <span class='ocrx_word' id='word_1_252' title='bbox 182 3845 229 3877; x_wconf 88' lang='lat' dir='ltr'>non</span> <span class='ocrx_word' id='word_1_253' title='bbox 249 3827 326 3879; x_wconf 80' lang='lat' dir='ltr'>facile</span> <span class='ocrx_word' id='word_1_254' title='bbox 345 3845 480 3896; x_wconf 80' lang='lat' dir='ltr'>apparere3</span> <span class='ocrx_word' id='word_1_255' title='bbox 509 3828 540 3882; x_wconf 86' lang='lat' dir='ltr'>ol.</span> <span class='ocrx_word' id='word_1_256' title='bbox 559 3832 654 3881; x_wconf 83' lang='lat' dir='ltr'>Baiteri</span> <span class='ocrx_word' id='word_1_257' title='bbox 673 3832 729 3881; x_wconf 87' lang='lat' dir='ltr'>adn.</span> <span class='ocrx_word' id='word_1_258' title='bbox 749 3832 778 3880; x_wconf 89' lang='lat' dir='ltr'>ad</span> <span class='ocrx_word' id='word_1_259' title='bbox 798 3830 859 3883; x_wconf 93' lang='lat' dir='ltr'>XVl</span> <span class='ocrx_word' id='word_1_260' title='bbox 874 3831 962 3896; x_wconf 65' lang='lat'><strong>13³,2</strong></span> <span class='ocrx_word' id='word_1_261' title='bbox 982 3833 1012 3881; x_wconf 87' lang='lat' dir='ltr'>da</span> <span class='ocrx_word' id='word_1_262' title='bbox 1032 3831 1130 3881; x_wconf 80' lang='lat' dir='ltr'>littaris</span> 
     </span>
     <span class='ocr_line' id='line_1_35' title="bbox 62 3910 267 3962; baseline 0.005 -3"><span class='ocrx_word' id='word_1_263' title='bbox 62 3910 171 3961; x_wconf 79' lang='lat' dir='ltr'>Graecia</span> <span class='ocrx_word' id='word_1_264' title='bbox 191 3912 217 3960; x_wconf 90' lang='lat' dir='ltr'>in</span> <span class='ocrx_word' id='word_1_265' title='bbox 235 3911 267 3962; x_wconf 91' lang='grc' dir='ltr'>Μ.</span> 
     </span>
    </p>

    <p class='ocr_par' dir='ltr' id='par_1_9' title="bbox 61 3991 1129 4140">
     <span class='ocr_line' id='line_1_36' title="bbox 133 3991 1129 4061; baseline 0.001 -18"><span class='ocrx_word' id='word_1_266' title='bbox 133 3992 158 4055; x_wconf 78' lang='grc'>*)</span> <span class='ocrx_word' id='word_1_267' title='bbox 176 3991 294 4044; x_wconf 84' lang='lat' dir='ltr'>Codicum</span> <span class='ocrx_word' id='word_1_268' title='bbox 318 3996 405 4046; x_wconf 75' lang='lat' dir='ltr'>varias</span> <span class='ocrx_word' id='word_1_269' title='bbox 428 3996 553 4045; x_wconf 84' lang='lat' dir='ltr'>lectiones</span> <span class='ocrx_word' id='word_1_270' title='bbox 578 3996 602 4044; x_wconf 90' lang='lat' dir='ltr'>in</span> <span class='ocrx_word' id='word_1_271' title='bbox 626 3995 658 4046; x_wconf 92' lang='lat' dir='ltr'>iis</span> <span class='ocrx_word' id='word_1_272' title='bbox 683 3997 826 4059; x_wconf 88' lang='lat' dir='ltr'>vocabulis,</span> <span class='ocrx_word' id='word_1_273' title='bbox 853 4012 915 4061; x_wconf 87' lang='lat' dir='ltr'>quae</span> <span class='ocrx_word' id='word_1_274' title='bbox 943 3997 974 4045; x_wconf 85' lang='lat' dir='ltr'>ad</span> <span class='ocrx_word' id='word_1_275' title='bbox 1001 4011 1053 4045; x_wconf 81' lang='lat' dir='ltr'>rem</span> <span class='ocrx_word' id='word_1_276' title='bbox 1081 4012 1129 4045; x_wconf 89' lang='lat' dir='ltr'>non</span> 
     </span>
     <span class='ocr_line' id='line_1_37' title="bbox 61 4077 357 4140; baseline 0.01 -16"><span class='ocrx_word' id='word_1_277' title='bbox 61 4082 189 4140; x_wconf 85' lang='lat' dir='ltr'>spactant,</span> <span class='ocrx_word' id='word_1_278' title='bbox 210 4077 357 4128; x_wconf 86' lang='lat' dir='ltr'>omittimus.</span> 
     </span>
    </p>
   </div>
   <div class='ocr_carea' id='block_1_8' title="bbox 0 0 1438 4626">
    <p class='ocr_par' dir='ltr' id='par_1_10' title="bbox 0 0 1438 4626">
     <span class='ocr_line' id='line_1_38' title="bbox 0 0 1438 4626; baseline 0 0"><span class='ocrx_word' id='word_1_279' title='bbox 0 0 1438 4626; x_wconf 95' lang='lat' dir='ltr'> </span> 
     </span>
    </p>
   </div>
  </div>
 </body>
</html>
