2866 4626
545 213 880 276 *129-

182 391 315 452 codioem
353 392 498 471 quendam
536 393 567 451 in
601 391 776 452 bibliotheca
809 390 1060 452 Laurisheimensi
1095 390 1249 482 invenisse,

180 495 308 574 denique
355 494 482 556 indicem
524 495 668 556 librorum
714 493 1015 555 Laurisheimensium
1054 514 1070 555 a
1108 493 1249 556 Sichardo

179 609 330 678 repertum
361 618 438 660 esse:
473 599 530 659 hoo
563 618 623 660 non
658 598 793 672 eflicitur,
826 616 893 678 epp.
927 598 963 658 ad
995 598 1125 660 Atticum
1160 617 1249 660 manu

178 702 303 782 scriptas
347 703 437 763 beato
473 723 488 764 a
524 702 664 764 Sichardo
700 701 820 763 traditas
855 719 928 762 esse.
985 699 1059 762 Cum
1091 720 1161 763 vero
1190 721 1249 764 non

179 808 328 879 haberem,
365 807 444 885 quod
474 806 593 868 Corradi
632 803 729 865 verbis
767 804 962 865 diffidendum
1004 823 1069 867 esse
1103 815 1249 886 putarem,

179 931 306 991 cumque
331 910 395 971 fieri
421 921 537 991 posset,
576 921 609 971 ut
641 910 768 978 Beatus,
798 909 849 986 qui
878 928 945 970 raro
980 908 1129 972 Ciceronis
1162 930 1249 992 opera

179 1017 314 1078 tractavit
346 1034 442 1094 neque
477 1032 626 1093 umquam,
662 1021 810 1091 quantum
845 1011 918 1086 scio,
952 1012 983 1072 in
1016 1015 1115 1076 animo
1138 1015 1249 1087 habuit,

179 1121 328 1183 Ciceronis
345 1138 432 1199 opera
448 1125 498 1180 aut
510 1117 635 1197 aliquam
649 1128 762 1198 partem
781 1117 878 1191 edere,
895 1118 932 1178 de
946 1117 1004 1179 isto
1020 1119 1119 1180 codice
1135 1122 1249 1182 occulto

179 1228 242 1287 loco
276 1229 459 1303 loqueretur,
492 1241 554 1282 rem
579 1221 748 1300 diligentius
776 1221 1011 1301 investigandam
1037 1242 1102 1285 esse
1129 1224 1248 1285 credidi.

179 1329 264 1402 Quod
286 1347 355 1389 cum
379 1331 513 1398 lacerem,
544 1326 573 1385 iu
596 1324 693 1386 libello
717 1344 751 1385 eo
775 1324 826 1404 qui
855 1323 1031 1387 inscribitur
1053 1327 1119 1389 ‘Des
1143 1330 1249 1390 Beatus

179 1434 338 1494 Rhenanus
351 1430 543 1492 litterarisohe
554 1429 721 1507 Thdtiglteit
737 1429 767 1489 in
780 1429 836 1489 den
846 1428 953 1490 Jahren
971 1430 1180 1492 1530-1547
1193 1451 1249 1492 von

178 1538 316 1597 hdalbert
330 1532 481 1604 llorawhz,
499 1531 584 1592 Wien
598 1532 688 1593 1873’
700 1552 728 1613 p.
741 1532 778 1593 31
797 1533 842 1593 vel
853 1533 882 1593 in
903 1533 1183 1612 ‘Sitzungsberiohte
1197 1535 1249 1596 der

180 1638 470 1720 phil-historischen
487 1636 584 1697 Classe
607 1636 659 1696 der
673 1635 745 1696 kais.
757 1636 916 1698 hhadentie
932 1639 982 1699 der
998 1637 1248 1700 Wissenschaften

181 1742 296 1803 txxn’
319 1761 347 1821 p.
365 1741 423 1801 351
449 1740 529 1801 hunc
550 1740 647 1801 locum
672 1759 707 1800 en
729 1740 809 1801 Beati
823 1740 957 1801 Rhenani
974 1760 1040 1822 opp.
1063 1742 1169 1816 inveni,
1197 1742 1248 1822 qui

180 1847 364 1907 demonstrat
397 1855 427 1905 et
460 1843 621 1905 Corradnm
661 1863 728 1904 vere
767 1842 920 1924 scripsisse
959 1852 988 1905 et
1023 1845 1143 1906 beatum
1184 1846 1247 1907 cod.

178 1950 327 2029 quendam
345 1948 640 2016 Laurislteimensem,
663 1948 713 2026 qui
736 1967 803 2027 epp.
819 1947 854 2008 ad
877 1947 1007 2008 Atticum
1031 1948 1208 2022 continebat,
1232 1968 1247 2010 a

181 2052 321 2112 Sichardo
344 2054 498 2131 accepisse.
544 2051 659 2111 Etenim
688 2051 717 2110 in
746 2050 813 2110 libri
840 2051 962 2112 secundi
991 2051 1098 2114 Rerum
1125 2053 1247 2114 Germa-

181 2156 327 2225 nicarum,
365 2174 438 2233 quas
483 2156 588 2215 beatos
622 2175 647 2215 a.
681 2154 756 2215 1531
787 2154 924 2230 edidit*)‚
959 2158 1052 2236 capite
1086 2175 1129 2230 eo,
1168 2157 1246 2237 quod

182 2258 352 2319 inscribitur
375 2258 563 2320 ‘Francorum
600 2277 708 2319 nomen
743 2258 818 2338 apud
848 2257 1020 2319 Ciceronem
1049 2278 1109 2322 non
1136 2270 1246 2349 entare,

182 2363 430 2442 deploratumque
458 2381 523 2423 esse
546 2362 628 2422 loede
652 2362 768 2436 locum',
796 2364 885 2422 homo
917 2362 1104 2422 doctissimus
1137 2363 1172 2422 de
1200 2381 1245 2441 ep.

182 2465 215 2524 ad
236 2466 295 2526 Att.
317 2464 380 2525 XlV
402 2464 483 2537 10‚2
507 2484 597 2543 eaque
621 2465 775 2537 sententia,
806 2484 881 2544 quae
907 2466 935 2525 in
960 2465 1008 2538 hl,
1036 2484 1052 2525 c
1085 2465 1128 2526 sic
1161 2465 1244 2525 exhi-

184 2568 266 2628 betur
303 2567 396 2629 Redeo
430 2570 467 2629 od
499 2567 684 2639 Theodossm,
716 2568 836 2639 Suevos,
868 2567 1041 2640 Fraternas,
1077 2569 1132 2629 hoc
1156 2569 1243 2629 modo

184 2671 324 2752 disputat:
349 2672 441 2752 ‘Apud
457 2672 494 2731 hl.
512 2671 679 2732 Ciceronem
697 2671 895 2750 Epistularum
916 2672 965 2733 lib.
982 2671 1081 2746 Xllll.,
1114 2692 1186 2752 quas
1209 2674 1244 2734 ad

184 2773 375 2854 Pomponium
401 2776 529 2836 htticurn
562 2775 680 2853 scripsit
711 2775 856 2836 abstrusis
890 2776 985 2836 sensis
1018 2787 1048 2837 et
1073 2776 1244 2854 aenigmatis

185 2878 289 2955 plenas,
320 2879 349 2938 in
373 2879 517 2939 aeditioue
541 2879 653 2956 vulgata
677 2878 856 2957 delegitur,
886 2878 980 2940 Redeo
1005 2881 1042 2941 od
1066 2878 1244 2948 Theodoreus,

185 2979 295 3051 Sueuos,
319 2981 480 3043 Frortcottes
503 3027 582 3043 ....
620 2982 716 3053 Quare
739 2982 871 3062 plerique
894 2983 1079 3044 eruditorum
1103 2983 1244 3043 hocloco

186 3086 244 3146 lreti
271 3086 390 3147 tradunt
414 3085 574 3147 Frortcones
596 3085 766 3145 aCicerone
789 3085 965 3147 nominatos.
1005 3086 1147 3165 Equidem
1172 3085 1245 3145 mihi

184 3189 332 3269 perpensis
348 3189 433 3249 Tullii
458 3190 552 3250 verbis
656 3188 780 3268 suspitio
803 3189 884 3250 nasci
906 3189 1011 3269 coepit,
1036 3198 1129 3251 totum
1146 3189 1244 3250 locum

183 3309 242 3354 esse
259 3294 447 3372 depravatum
466 3339 472 3352 .
490 3339 496 3352 .
515 3339 521 3352 .
539 3339 545 3353 .
580 3276 683 3370 ltaque
697 3293 833 3353 volumen
850 3312 941 3353 rnanu
957 3293 1101 3372 scriptum
1117 3293 1244 3370 requiro,

181 3398 256 3472 quod
292 3414 328 3456 ex
362 3396 609 3457 Laurisheimensi
641 3398 818 3458 bibliotheca
847 3397 926 3457 loen.
952 3397 1110 3458 Sichardus
1145 3406 1245 3457 noster

180 3499 348 3580 nuperrime
382 3501 527 3561 attulerat.
573 3503 604 3561 ln
633 3523 667 3562 eo
698 3521 776 3562 mera
799 3508 934 3581 portenta
958 3501 1112 3561 verborum
1137 3499 1245 3578 scripta

179 3604 284 3683 reperi,
311 3602 476 3665 ...Redeo
499 3605 662 3666 odtobassos
685 3624 803 3665 scocuos
818 3604 990 3684 Frortportes.
1030 3603 1117 3684 Coepi
1141 3604 1245 3663 deinde

178 3699 330 3768 literarum
370 3707 476 3768 ductus
517 3708 720 3787 scrupulosius
754 3706 872 3780 rimari,
907 3707 1144 3787 deprehendique
1179 3725 1243 3784 ger·

247 3944 269 4005 *l
288 3944 342 3995 Nos
366 3947 460 3995 utimur
485 3946 640 4009 repetitione
664 3945 877 4007 Argentoratensi
901 3945 1018 4009 quodum,
1044 3958 1107 4007 quoe
1135 3959 1158 3992 u.
1180 3942 1244 3993 16111

185 4028 282 4085 prodiit.

235 4125 356 4177 hullemann,
375 4125 406 4164 lle
421 4124 465 4164 cia
481 4123 507 4163 ud
524 4127 569 4166 Att.
584 4124 692 4175 epistulis.
1067 4109 1082 4160 9
