2866 4626
605 240 915 304 —95-„

228 418 255 478 X
272 419 322 492 14,
338 419 357 478 2
381 436 537 499 conqunore
561 437 587 478 v.
604 439 642 479 c:
667 436 802 500 conqueri
818 419 854 477 W
877 427 951 480 teste
968 418 1138 499 Schepssio:
1162 423 1295 500 conquire

227 524 263 595 Σ,
282 523 322 592 A,
353 523 403 583 sed
426 521 466 583 0²
489 542 640 604 conguerc3
673 524 744 584 falsa
767 522 845 583 enim
869 530 898 583 et
921 531 1057 602 corrupta
1080 523 1203 585 lectione
1226 544 1252 585 v.
1269 542 1293 583 c.

228 643 295 685 cum
319 624 356 684 W
379 626 543 687 consentire
566 635 695 707 apparet.

312 728 451 790 Plurimis
474 730 545 791 locis
569 751 593 790 v.
611 750 636 791 c.
659 731 689 792 in
713 731 844 810 margine
859 730 1031 810 posterioris
1054 729 1189 792 editionis
1206 729 1293 789 Lam-

226 830 360 893 binianae
383 833 446 893 cod.
462 834 679 895 Turnesianum
704 854 767 896 esse
787 853 875 914 supra
891 834 1093 915 probavimus3
1116 852 1176 895 non
1197 834 1293 894 omni·
1371 905 1378 915 ι

227 935 282 996 bus
297 935 370 996 locis
385 956 412 995 v.
429 956 454 997 c.
470 963 513 990 =
529 937 548 996 Z
572 956 636 999 esse
652 957 711 999 uno
727 939 791 1000 loco
806 938 1002 999 demonstrari
1018 948 1116 1018 potest
1134 938 1195 997 XVI
1213 937 1261 1010 15,
1275 937 1292 997 5

226 1050 258 1100 nt
280 1040 347 1101 indo
362 1039 420 1119 (vel
442 1041 518 1120 vide)
538 1061 589 1103 suo
604 1041 641 1115 M,
663 1046 709 1103 uti
729 1044 762 1103 dc
784 1060 835 1103 suo
859 1062 883 1115 s,
905 1053 937 1104 ut
958 1043 1034 1104 tonde
1055 1060 1107 1103 sno
1123 1041 1155 1114 P,
1178 1052 1210 1102 ut
1231 1041 1293 1100 vide

225 1162 277 1204 suo
300 1141 350 1215 0¹,
384 1153 417 1203 ut
438 1145 504 1204 anuo
527 1163 577 1223 suo
600 1143 648 1218 0²,
676 1155 708 1206 ut
734 1146 810 1206 nude
833 1143 871 1205 R:
905 1155 937 1205 nt
958 1144 1013 1224 fide
1035 1164 1090 1205 suu
1112 1143 1185 1217 ΖΙ),
1209 1143 1291 1204 codd.

228 1245 319 1305 anii:
342 1250 387 1307 nti
407 1247 440 1308 dc
462 1266 514 1308 suo
535 1266 562 1306 r.
578 1266 619 1322 c.3
648 1249 704 1308 hoc
726 1248 816 1327 igitur
838 1249 902 1308 loco
925 1267 951 1306 v.
968 1266 992 1308 c.
1017 1267 1084 1308 oum
1109 1268 1123 1308 s
1146 1249 1293 1309 consentit

226 1356 314 1429 atque
337 1350 534 1411 coniecturam
560 1351 661 1412 habet:
686 1371 754 1412 nam
773 1352 793 1411 Z
816 1371 914 1412 veram
938 1351 1041 1412 habuit
1063 1352 1228 1428 lectionem,
1252 1358 1296 1413 uti

226 1454 259 1513 dc
280 1473 335 1514 sno
357 1453 524 1515 coniectura
548 1463 697 1535 repertum
721 1475 786 1516 esse
808 1464 938 1535 apparet.

313 1556 351 1617 lis
367 1575 440 1637 quac
456 1557 610 1619 attulimus
626 1559 697 1620 haec
712 1559 829 1639 probari
845 1567 997 1638 putamus:
1018 1578 1044 1618 v.
1062 1578 1096 1631 c.,
1113 1558 1292 1640 ubicumque

226 1679 293 1719 cum
319 1659 393 1734 ΖΠ,
409 1660 482 1734 ZL2,
500 1660 558 1735 ZB,
581 1662 645 1723 aliis
668 1662 862 1742 locupletibus
885 1663 920 1722 de
944 1661 964 1720 Z
989 1661 1112 1722 testibus
1136 1664 1291 1737 consentit,

225 1784 240 1823 a
264 1765 292 1823 Σ
314 1773 344 1824 et
365 1763 398 1825 A
416 1764 560 1839 dissentit,
584 1765 675 1826 codex
697 1765 897 1827 lurnesianus
923 1772 982 1837 cst3
1010 1784 1037 1823 v.
1055 1782 1089 1837 ο,
1115 1765 1291 1846 ubicumque

226 1885 292 1926 cnm
316 1869 345 1927 Σ
361 1869 407 1928 vel
424 1874 454 1929 A
479 1871 626 1930 consentit
650 1889 745 1949 neque
770 1888 784 1929 a
805 1868 825 1929 Z
847 1867 992 1941 dissentit,
1019 1867 1098 1946 quod
1120 1868 1156 1928 dc
1177 1868 1197 1928 Z
1218 1870 1291 1929 nihil

162 1966 165 1975 “
226 1979 351 2044 constat,
384 1971 461 2032 haud
484 1991 602 2051 parvam
630 1974 835 2035 auctoritatem
858 1973 959 2044 hahet3
994 1991 1020 2031 v.
1044 1992 1078 2044 o,
1113 1971 1291 2053 ubicumque

226 2072 308 2152 Σ-Ι-
326 2080 357 2135 A
379 2074 415 2134 ab
437 2095 472 2135 eo
492 2076 628 2137 dissentit
650 2078 782 2157 neqneZ
806 2078 897 2148 adest,
920 2094 980 2136 non
1003 2075 1049 2135 ille
1065 2074 1183 2154 quidem
1204 2077 1290 2156 plane

225 2177 402 2250 reiciendus,
439 2179 488 2239 sed
525 2190 609 2240 caute
644 2180 826 2242 adhibendus
860 2188 920 2252 est,
959 2197 1014 2239 nos
1047 2178 1165 2256 quidem
1199 2179 1290 2240 bonas

224 2280 366 2341 lectiones
389 2299 504 2359 easque,
528 2301 600 2360 quas
624 2301 706 2344 veras
729 2292 816 2362 atque
839 2281 981 2362 genuinas
1003 2301 1068 2342 esse
1090 2281 1188 2361 ipsum
1212 2282 1289 2345 iudi-

224 2382 300 2444 cium
330 2385 447 2464 prohat,
483 2404 518 2446 ex
546 2405 573 2446 v.
600 2405 625 2447 c.
656 2386 686 2446 in
715 2395 795 2448 textu
821 2405 982 2466 ponemus,
1016 2385 1052 2446 iis
1074 2385 1155 2458 locis,
1183 2386 1290 2465 quihus

225 2485 331 2547 iudicio
355 2487 427 2548 nihil
449 2489 586 2563 efficitur,
617 2509 643 2549 v.
667 2509 691 2551 c.
714 2491 745 2551 in
776 2490 964 2552 adnotatione
986 2488 1085 2550 critica
1108 2508 1168 2550 non
1190 2491 1290 2569 negle-

225 2608 336 2667 gemus.

308 2697 335 2770 c)
358 2694 449 2755 Venio
472 2694 530 2755 iam
554 2695 589 2755 ad
610 2714 658 2756 eas
673 2696 823 2769 lectiones,
847 2716 920 2776 quae
942 2717 969 2776 q.
986 2716 1012 2756 v.
1029 2715 1054 2756 c.
1071 2694 1233 2774 signantur.
1249 2731 1287 2740 —-

226 2816 248 2856 r.
264 2816 289 2858 c.
307 2799 337 2858 in
361 2797 491 2876 margine
512 2799 557 2859 ed.
574 2807 650 2878 post.
668 2799 876 2860 Lambinianae
901 2819 1093 2880 unoquoque
1109 2799 1172 2860 loco
1188 2810 1288 2861 utrum

228 2919 301 2962 unus
324 2901 388 2962 cod.
412 2901 494 2980 isque
517 2901 720 2963 Turnesianns
754 2903 793 2962 sit
820 2922 856 2964 an
880 2904 1047 2984 complures
1070 2901 1184 2964 codices
1207 2922 1290 2963 com-

228 3004 393 3080 prehendat,
428 3005 578 3066 diiudicari
612 3024 670 3066 non
706 3015 812 3084 potest.
862 3007 946 3081 Nam,
981 3017 1014 3067 ut
1047 3007 1081 3066 iis
1108 3005 1181 3066 locis
1215 3025 1289 3084 quos

230 3109 309 3169 modo
344 3108 400 3168 sub
433 3131 453 3184 y
486 3109 640 3200 attulimus
670 3118 798 3189 apparet,
833 3129 859 3170 v.
877 3131 901 3171 c.
924 3129 984 3171 non
1008 3127 1170 3189 numquam
1195 3128 1286 3169 unum

228 3212 353 3272 codicem
371 3211 391 3271 Z
408 3211 580 3290 significare,
604 3213 644 3273 ita
667 3232 703 3272 ex
723 3213 769 3272 his
792 3212 1030 3275 adnotationibus
1052 3220 1181 3293 apparet,
1205 3213 1289 3292 signo

227 3328 248 3371 t.
270 3334 295 3375 c.
327 3333 385 3375 non
416 3315 503 3376 nullis
534 3315 604 3375 locis
628 3315 794 3395 complures
817 3318 930 3379 codices
954 3317 1111 3379 contineri:
1145 3317 1186 3376 lll
1203 3318 1285 3389 13,t

224 3418 346 3479 ‘veteres
369 3419 432 3479 cod.
449 3438 507 3479 non
523 3419 639 3479 habent·
653 3421 879 3499 copulationem,
901 3422 942 3483 cc'
958 3421 1068 3500 (textus
1083 3439 1186 3483 consue
1200 3439 1287 3492 meuc,

219 3515 297 3601 (oc)
313 3522 477 3600 uoluntate).
494 3557 534 3564 -ψ
558 3522 597 3581 lll
615 3524 663 3595 17,
681 3524 696 3582 1
716 3530 751 3602 ‘q.
770 3544 794 3584 v.
813 3545 835 3586 c.
854 3529 955 3607 spectio
970 3535 1018 3586 en.
1036 3525 1099 3584 cod.
1112 3525 1238 3585 Turnes.
1256 3533 1289 3584 nt

211 3625 296 3704 vulg.
320 3630 444 3706 quaestio
474 3623 531 3686 ost.¹
567 3661 607 3669 -
640 3626 737 3685 11127
768 3627 833 3688 ‘hoc
860 3636 966 3699 totum,
996 3625 1087 3705 pluro
1108 3646 1167 3688 oon
1188 3628 1287 3689 scribo.

207 3720 311 3797 Cura,
334 3739 367 3790 nt
388 3729 493 3798 nubas,
518 3747 577 3789 non
601 3729 747 3809 reperitur
770 3730 799 3790 in
824 3732 888 3791 cod.
913 3730 1037 3790 Turnes.
1061 3747 1158 3808 neque
1180 3731 1210 3790 in
1233 3731 1287 3790 ali-

192 3837 292 3899 quot
314 3831 398 3892 aliis.'
422 3869 461 3874 -‚.
489 3833 524 3891 lv
544 3833 627 3906 too
652 3843 749 3894 textus
772 3838 803 3894 in
821 3839 915 3914 putris
937 3837 1114 3894 memorium.
1138 3833 1287 3893 adnotatio

183 3916 254 3990 in
283 3933 425 4013 margine:
461 3935 512 3996 ‘sic
534 3956 562 4015 q.
579 3956 604 3995 r.
622 3955 646 3997 c.
664 3936 793 4017 L(amb.)
815 3942 845 3997 in
871 3940 964 4015 putris
992 3939 1138 4006 memorio,
1174 3945 1207 3995 ut
1240 3935 1288 3994 alii

173 4017 197 4076 ¹*
208 4035 291 4096 lem
316 4057 340 4098 v.
357 4039 392 4098 c!
414 4073 455 4083 --
489 4039 521 4098 Vl
541 4041 568 4111 l,
584 4038 624 4098 25
649 4045 686 4118 ‘q.
703 4059 729 4100 v.
747 4059 771 4100 c.
794 4040 1003 4118 langunculam
1027 4039 1061 4098 al.
1080 4058 1103 4099 v.
1123 4057 1146 4100 c.
1164 4039 1287 4119 lungun·
