2866 4626
449 1195 840 1277 PRAEFATIO(

568 1407 727 1414 -..--

114 1562 175 1660 De
208 1591 339 1671 epistulis
367 1591 401 1651 ad
433 1590 561 1650 Atticum
595 1588 782 1648 recensendis
811 1601 840 1651 et
866 1589 901 1648 ad
930 1589 1086 1667 pristinam
1119 1590 1178 1650 ele·

115 1696 242 1775 gantiam
273 1694 444 1755 revocandis
468 1712 554 1772 quam
587 1691 703 1752 difficile
733 1702 810 1752 esset
839 1692 989 1772 disputare
1018 1711 1179 1771 numquam

114 1818 168 1858 nos
191 1798 275 1876 fugit.
321 1797 357 1856 Et
381 1806 477 1857 tamen
501 1815 567 1857 cnm
591 1795 670 1855 nulla
694 1796 728 1854 de
752 1794 900 1855 codicibus
918 1795 1054 1875 opinione
1072 1805 1180 1855 temere

115 1901 222 1962 imbuti
245 1901 390 1961 inductiva
415 1899 553 1960 methodo
576 1917 663 1977 quam
689 1906 792 1958 vocant
814 1909 967 1960 uteremur
982 1899 1181 1977 lectionesque

113 2023 202 2084 quam
238 2004 381 2083 plurimas
409 2003 629 2081 collegissemus
661 2010 691 2062 et
717 2003 894 2063 conserendo
922 2001 1041 2074 similes,
1077 2002 1181 2082 digno-

114 2109 224 2168 scendo
248 2106 403 2167 dissimiles
427 2125 562 2185 magnam
586 2124 686 2166 earum
712 2104 823 2184 copiam
841 2124 894 2184 per
909 2123 1013 2183 genera
1037 2108 1179 2184 quaedam

112 2210 363 2290 dispertissemns
387 2229 446 2271 non
469 2229 523 2269 nos
546 2209 665 2288 quidem
689 2209 723 2269 ad
740 2209 832 2288 ipsam
850 2208 1000 2269 veritatem
1018 2209 1180 2288 pervenire,

114 2315 167 2373 sed
190 2314 264 2373 viam
289 2314 415 2392 aliquam
439 2322 526 2392 atque
549 2313 691 2372 rationem
710 2320 876 2373 monstrare
891 2331 979 2392 posse
1000 2313 1180 2385 videbamur,

114 2437 174 2496 qua
202 2416 336 2477 homines
363 2417 448 2477 nobis
478 2416 622 2477 doctiores
657 2423 742 2494 atque
775 2417 981 2495 prudentiores
1014 2415 1179 2477 institutam

112 2539 178 2581 rem
203 2521 237 2580 ad
261 2520 370 2580 exitum
387 2521 549 2599 perducere
564 2529 699 2599 possent3
723 2538 850 2597 cumque
867 2529 981 2580 tantum
999 2521 1180 2580 constituen-

112 2626 185 2684 dum
231 2642 294 2683 esse
339 2622 555 2694 indicaremus,
601 2633 744 2701 quantum
783 2631 845 2682 arte
890 2623 1030 2683 constitui
1074 2633 1181 2703 posset,

112 2726 269 2804 diligenter
291 2725 574 2798 internoscehamus‚
598 2725 644 2786 liis
669 2726 853 2806 temporibus
876 2726 946 2805 quid
969 2746 1082 2799 verum,
1112 2727 1180 2805 quid

110 2831 174 2889 veri
198 2829 291 2889 simile
314 2839 401 2901 esset,
425 2829 551 2908 denique
574 2829 644 2908 quid
668 2829 811 2908 suspicari
834 2829 942 2889 liceret.

201 2932 284 3004 Quod
307 2942 405 2992 autem
430 2950 512 3011 spem
536 2951 595 2993 non
618 2932 827 3003 abieceramus,
856 2933 919 2992 lore
948 2945 982 2992 ut
1011 2932 1124 2993 codices
1148 2952 1181 2992 ex

113 3036 138 3096 C
166 3044 217 3094 aut
244 3034 264 3093 Z
292 3036 427 3114 prognati
462 3035 491 3095 in
524 3035 614 3095 Gallia
648 3047 699 3095 aut
728 3035 758 3093 in
788 3035 938 3095 Britannia
971 3035 1183 3114 reperirentur,

115 3138 252 3198 codicum
275 3157 330 3198 nos
354 3137 522 3198 collationes
538 3139 671 3198 nondum
691 3137 721 3197 in
743 3157 836 3198 unum
857 3158 963 3218 corpus
980 3140 1182 3218 congessimus

111 3250 202 3319 atque
229 3260 263 3301 ex
291 3261 341 3301 sex
370 3250 518 3320 septemve
551 3241 632 3301 libris
664 3260 752 3301 unam
778 3260 925 3320 quamque
948 3242 1104 3303 lectionem
1129 3261 1179 3302 ex-

113 3343 295 3423 cerpsimus:
321 3347 418 3423 itaque
442 3344 467 3404 si
489 3365 547 3423 quo
569 3345 633 3405 loco
656 3363 769 3404 errasse
792 3363 846 3404 nos
869 3345 1045 3425 apparuerit,
1077 3355 1106 3405 et
1133 3364 1182 3405 eos

115 3448 203 3508 nobis
225 3448 338 3507 reniam
364 3449 482 3508 daturos
506 3467 659 3527 speramus
676 3448 727 3526 qui
743 3448 773 3506 in
789 3448 876 3507 simili
893 3468 980 3528 opere
996 3448 1182 3519 elaborarint,

112 3562 145 3611 et
166 3570 216 3612 eos
239 3551 290 3630 qui
313 3551 536 3618 considerarint,
564 3562 636 3629 quot
663 3551 802 3611 lectiones
831 3561 982 3632 excerptae
1006 3553 1065 3612 sint
1087 3570 1180 3630 quau-

115 3666 240 3732 tumque
262 3654 390 3714 laborem
415 3674 461 3715 res
484 3655 628 3715 habuerit.
674 3656 740 3714 lllos
763 3673 831 3714 vero
855 3654 933 3716 locos
956 3665 986 3716 et
1000 3656 1140 3716 lectiones
1155 3655 1182 3714 ei

112 3759 144 3817 in
174 3757 235 3818 suis
265 3757 347 3816 libris
377 3757 512 3818 facillime
547 3757 706 3826 invenient,
740 3757 789 3835 qui
824 3759 1011 3819 adnotatione
1039 3758 1137 3819 critica
1167 3778 1182 3818 a

119 3861 235 3920 Baitero
259 3860 370 3920 adiecta
393 3869 523 3920 utentur.

197 3963 240 4022 Ne
263 3982 338 4041 opus
362 3964 563 4035 extendamus,
587 3973 617 4024 et
640 3983 734 4025 meras
757 3963 896 4025 lectiones
913 3966 1024 4025 adlerre
1041 3965 1182 4038 solemus,

109 4067 192 4146 quod
225 4065 362 4127 homines
397 4065 496 4127 talium
528 4086 627 4128 rerum
656 4068 741 4147 periti
769 4076 855 4147 atque
883 4068 989 4129 curiosi
1017 4086 1076 4128 non
1106 4069 1180 4129 disfi-
