2866 4626
481 219 859 332 ss--so-ss

101 451 156 512 otii
173 467 241 511 oero
264 452 421 510 amicornm
444 447 575 526 beneficio
597 458 656 510 tum
678 453 709 509 in
731 468 788 519 me,
817 467 903 528 quom
930 453 961 510 in
989 469 1083 511 omroes
1105 451 1165 512 cio-

101 557 233 635 qrnntiue
254 552 392 614 studiosos
418 568 556 631 perquem
578 553 703 631 officioso
731 553 852 613 enbibo'ti
878 563 958 614 sunt:
993 558 1170 632 intorques

101 676 160 717 non
173 675 288 734 pancos,
312 674 399 735 nequeo
420 656 603 732 poenitendos
617 656 697 716 nobis
713 661 929 717 communicavit
943 655 983 717 io.
1001 655 1169 730 Sicburdus,

102 770 233 821 coeterum
254 764 492 820 monimentorum
514 769 695 820 consercutor
718 760 956 839 ditipcntissimns.
998 757 1078 819 Unde
1100 762 1169 839 fuc-

101 874 164 924 tum
191 874 243 932 est,
278 873 310 924 ut
336 871 465 939 coeptum
498 866 643 942 nepocium
672 867 812 942 principio
840 862 1054 942 difficillimum,
1079 864 1171 940 perclo

101 973 212 1029 minori
233 969 347 1046 nepocio
371 966 558 1044 confecerim:
581 967 655 1046 quod
670 966 791 1028 libenter
813 976 839 1026 et
860 969 980 1046 inponue
1003 975 1029 1027 et
1043 967 1171 1045 [utemur

103 1082 130 1132 ot
153 1074 355 1151 eopnoscimus,
379 1072 528 1150 amicisque
552 1079 694 1147 occeptum
715 1071 853 1148 ferimus:
881 1069 986 1130 multos
1007 1074 1082 1130 euim
1105 1072 1170 1132 inde

102 1175 221 1234 mmdus
247 1174 422 1245 scutuliuucs,
456 1192 527 1251 quoe
550 1177 663 1252 priores
689 1173 844 1235 ueditiones
866 1183 1054 1251 occuparunt:
1089 1183 1170 1253 utque

102 1276 134 1338 id
156 1286 221 1337 onte
249 1280 344 1336 omnio
372 1279 405 1335 in
427 1274 552 1354 epistolis
581 1277 618 1336 od
639 1275 770 1338 Atticum.
815 1276 946 1336 Attamen
979 1276 1070 1336 sicrtbi
1093 1278 1171 1355 forte

103 1389 223 1461 propter
245 1380 417 1441 utendorum
441 1379 633 1440 diversitatem
658 1379 812 1441 eiiciendae
840 1382 994 1440 sententiae
1017 1380 1172 1460 difficultas

103 1484 312 1553 suboriebatur,
342 1481 509 1561 reliquimus
531 1492 591 1544 tum
613 1484 654 1543 ibi
674 1501 720 1544 eos
743 1482 825 1550 locos,
853 1482 996 1561 praeficis
1019 1485 1170 1547 literarum

101 1589 216 1668 formis,
239 1590 314 1667 sipui
333 1589 401 1647 vico.
429 1585 528 1646 lectori
548 1589 681 1646 acutioris
703 1585 803 1646 iudicii
823 1588 1020 1659 concutiendus,
1050 1598 1076 1648 ot
1102 1605 1167 1649 con·

101 1695 212 1753 iecturo
234 1689 421 1771 coblipendos!

190 1794 228 1855 Et
249 1812 283 1854 ex
306 1795 352 1855 his
375 1795 471 1857 verbis
495 1794 628 1855 conicere
650 1792 718 1852 licet
744 1801 773 1851 et
802 1811 836 1852 ex
860 1791 896 1853 iis
919 1793 990 1854 locis
1014 1814 1088 1873 quos
1111 1795 1168 1856 iarn

103 1898 233 1959 adferam
257 1908 377 1978 apparet
401 1898 592 1959 Cratandrum
619 1898 660 1957 uei
692 1895 791 1975 potius
825 1915 903 1970 eum,
938 1899 988 1976 qui
1023 1897 1170 1959 Ciceronis

103 2021 191 2083 opera
214 2001 324 2063 edenda
348 2003 461 2063 curavit
484 2037 523 2044 ---
551 2019 618 2061 narn
644 2000 679 2058 Μ.
704 1999 872 2060 bentinium
904 2010 971 2062 ante
999 2020 1073 2081 opus
1096 2021 1167 2062 cou-

101 2106 213 2165 fectum
238 2113 389 2165 mortuum
412 2124 475 2165 esse
499 2104 528 2164 in
551 2105 650 2164 eudem
672 2105 762 2183 praei.
779 2102 918 2164 scribitur
936 2141 984 2177 ---,
1008 2105 1168 2186 compluri-

102 2208 159 2269 bus
181 2207 331 2269 codicibus
355 2228 442 2269 nsum
466 2227 547 2269 esse:
571 2208 657 2268 index
674 2207 812 2278 Graecus,
836 2207 951 2284 dequo
973 2209 1048 2269 inire
1065 2209 1168 2288 dispu-

102 2312 240 2384 tabimus,
264 2312 298 2372 ad
319 2312 332 2371 Ι
350 2313 412 2384 1,4
441 2312 479 2371 ‘in
504 2311 714 2373 vetustioribus
737 2310 886 2371 codicibus
910 2311 1068 2390 legebatur,
1093 2310 1167 2374 ἐπεὶ

103 2410 162 2494 οὐχ
178 2461 184 2475 .
203 2461 209 2474 .
227 2461 233 2475 .
251 2415 283 2487 .’;
311 2415 398 2476 index
421 2416 549 2476 Graecus
572 2415 607 2476 ud
630 2415 667 2476 lV
684 2414 748 2487 7,2
772 2415 888 2493 ‘legitur
916 2423 1013 2475 tumen
1038 2418 1068 2477 in
1091 2435 1167 2477 non·

102 2519 190 2580 nullis
220 2519 368 2580 codicibus
398 2519 460 2596 otp'
485 2500 560 2600 boib
578 2565 584 2578 .
602 2565 608 2578 .
627 2518 659 2590 .';
693 2518 780 2579 index
810 2518 937 2579 Graecus
966 2519 1001 2579 ed
1029 2518 1166 2593 1v13‚t

104 2622 164 2684 ‘sed
198 2622 228 2682 iu
252 2621 461 2683 vetustioribus
497 2621 712 2702 exemplaribus
745 2620 852 2698 legitur
875 2622 1045 2701 ouoauor’;
1081 2623 1168 2683 index

103 2726 231 2786 Graecus
253 2726 287 2785 ad
304 2726 327 2785 V
343 2727 372 2798 4,
392 2729 402 2785 1
431 2731 438 2756 ‘
456 2770 463 2785 .
481 2771 486 2784 .
504 2725 533 2785 in
549 2725 725 2805 quibusdam
749 2724 813 2785 eliis
837 2724 986 2786 codicibus
1008 2726 1167 2806 legebatur,

103 2825 397 2905 duodeuiymooror’3
432 2829 518 2890 index
552 2830 678 2890 Graecus
713 2828 747 2889 ud
781 2827 929 2901 V111‚9
957 2834 986 2888 ⁶.
1006 2874 1037 2889 ..
1061 2829 1169 2890 hebent

102 2933 196 2994 nostri
220 2932 341 3007 codices,
370 2928 546 3015 dueppoci'3
574 2932 654 2993 Cad
677 2932 741 2993 vill
759 2931 843 3006 ib‚2
868 2933 993 3006 donum,
1017 2941 1068 2992 ant
1090 2942 1169 2993 certe

102 3039 228 3106 domum,
252 3044 412 3115 utrumque
435 3035 512 3096 enim
537 3035 646 3096 hebent
668 3036 737 3096 anti.
759 3036 851 3110 eod.';
873 3036 960 3097 index
981 3037 1109 3097 Graecus
1132 3036 1166 3096 ad

102 3139 222 3214 1x5‚3
257 3141 373 3200 ‘Verum
408 3139 437 3200 in
461 3139 583 3200 vetustis
610 3138 758 3200 codicibus
793 3140 840 3201 hic
871 3159 971 3201 versus
1005 3140 1055 3219 qui
1091 3149 1168 3201 extet

103 3245 183 3307 iliad.
208 3244 273 3304 6..
292 3243 322 3317 .’;
344 3243 432 3303 index
455 3243 582 3303 Graecus
609 3242 644 3301 ed
667 3242 718 3302 XV
735 3246 763 3317 5,
782 3246 796 3302 i
823 3244 951 3305 ‘tametsi
978 3243 1026 3304 olii
1053 3242 1167 3304 codices

101 3348 238 3419 habeant,
266 3341 343 3408 ὅτε.
361 3392 368 3405 .
386 3345 417 3418 .’;
450 3345 536 3405 index
559 3345 698 3406 Graecus¹
714 3345 749 3406 ad
773 3345 823 3407 XV
840 3348 867 3420 2,
885 3350 904 3407 4
928 3348 968 3407 ‘in
991 3345 1167 3425 quibusdam

101 3451 226 3516 codicib.
249 3450 312 3529 lego
336 3451 434 3511 πέντε
457 3445 476 3532 ἦ
499 3446 640 3511 λοιπὸν’.

189 3554 280 3615 Totus
303 3563 401 3615 textus
423 3552 559 3614 editionis
584 3552 791 3614 Cratandrinae
813 3553 921 3633 pendet
943 3572 978 3614 ex
1001 3553 1048 3627 Μ,
1072 3553 1108 3612 Α2
1132 3572 1168 3614 ex

98 3659 150 3732 ΑΙ,
173 3657 210 3719 Α1
234 3656 359 3736 denique
382 3675 417 3716 ex
440 3656 468 3729 1;
499 3675 676 3735 quemqnam
701 3657 737 3716 Α1
761 3667 791 3716 et
813 3657 850 3716 ΑΒ
873 3677 905 3718 ea
933 3657 1060 3737 quaein
1084 3657 1097 3716 Ι
1119 3655 1166 3716 in-

99 3761 295 3823 veniebantur
316 3769 368 3822 eut
389 3779 424 3821 ex
447 3760 492 3820 ed.
508 3760 639 3821 Romanu
663 3770 713 3821 eut
729 3780 764 3822 ex
781 3757 929 3821 codicibus
946 3759 1044 3820 nescio
1059 3759 1166 3838 quibus

98 3874 156 3928 aut
170 3883 206 3924 ex
220 3863 282 3925 suis
298 3865 457 3926 aliorumve
474 3864 626 3925 doctorum
643 3864 797 3925 hominurn
821 3862 996 3924 coniecturis
1017 3862 1168 3941 corrigunt

98 3969 149 4032 vel
172 3977 303 4042 mutant3
326 3971 362 4028 ci.
387 3966 544 4028 Hoimunni
566 3966 614 4026 lib.
639 3987 666 4048 p.
684 3965 734 4027 31.

191 4072 291 4153 ltaque
315 4071 416 4133 multis
431 4070 606 4134 lectionibus
627 4089 643 4131 c
666 4070 762 4131 euml
785 4068 942 4142 consentit,
965 4087 1039 4148 quae
1062 4067 1093 4128 in
1116 4087 1167 4129 co·
