2866 4626
483 198 794 260 *17*-

105 373 166 446 ille,
203 392 237 434 ex
262 391 321 451 quo
345 374 364 447 l,
387 373 465 446 Ant,
489 374 511 433 F
534 374 588 435 orti
613 382 697 447 sunt,
731 376 766 436 de
789 375 817 435 M
840 374 1056 436 describeretur
1077 383 1105 437 et
1127 375 1175 436 ille

105 476 168 555 ipse
192 475 283 536 codex
306 485 407 556 postea
430 477 607 538 lectionibus
631 497 664 537 ex
689 478 780 539 altero
803 478 910 550 codice,
940 478 988 557 qui
1019 497 1078 539 non
1101 497 1174 557 pen-

106 578 193 640 debat
216 597 232 638 e
256 578 293 651 M,
316 579 429 640 haustis
453 579 657 660 corrigeretur.
703 579 760 642 Fac
783 581 879 660 igitur,
910 590 942 641 ut
965 580 1080 660 probes,
1111 581 1174 642 illas

104 681 246 743 lectiones
269 701 328 743 non
352 702 416 744 esse
438 682 627 762 interpolatas
651 691 738 762 atque
761 703 776 744 a
800 683 942 764 principio
966 683 996 744 in
1013 704 1047 744 eo
1063 685 1171 757 codice,

106 786 224 864 dequo
248 786 269 860 l,
293 786 372 856 Ant,
396 786 417 846 F
440 785 578 865 descripti
603 795 681 858 sunt,
716 786 824 847 luisse'.
870 786 922 848 Cui
957 805 1010 865 ego
1042 787 1171 866 primum

106 888 239 949 modeste
273 889 469 969 respondebo:
507 889 611 962 ‘Quam
642 889 735 970 lepide
767 899 798 950 tu
830 908 862 951 ac
892 889 994 950 festiue
1016 907 1077 950 rem
1103 890 1173 968 agis,

106 991 217 1070 optime
241 990 342 1053 bomo!
370 993 400 1052 ld
426 994 502 1055 enim
528 1011 648 1064 munus,
672 993 750 1070 quod
767 991 819 1054 tibi
835 991 1005 1072 impositum
1022 1001 1076 1065 est,
1100 992 1173 1052 mibi

106 1095 231 1174 delegas,
256 1104 323 1155 cum
347 1097 478 1175 postulas
502 1105 532 1157 ut
555 1096 582 1156 id
607 1096 748 1169 refellam,
771 1095 848 1174 quod
874 1104 958 1156 tuum
979 1104 1024 1156 est
1038 1096 1172 1175 probare.

106 1197 151 1257 An
175 1208 202 1258 te
226 1198 309 1277 fugit,
333 1209 443 1277 quanto
466 1217 554 1278 opere
573 1197 679 1277 Voigtii
702 1207 731 1258 et
754 1199 881 1259 Vicrtelii
904 1199 1008 1260 libellis
1033 1208 1092 1260 totu
1115 1217 1171 1272 res,

105 1300 142 1360 de
156 1319 213 1379 qua
230 1300 354 1380 agimus,
371 1310 481 1363 mutata
497 1298 557 1362 sict
580 1301 670 1362 Antea
688 1301 776 1372 enim,
793 1301 821 1362 id
839 1302 916 1381 quod
933 1321 1021 1382 supra
1037 1321 1065 1382 p.
1080 1304 1098 1362 5
1112 1303 1172 1363 etti

106 1405 240 1483 exposui,
274 1404 352 1483 quod
380 1404 407 1465 M
441 1424 456 1466 a
483 1404 641 1466 Petrarcba
675 1404 803 1484 scriptus
837 1425 900 1466 esse
931 1405 1090 1486 putabatur
1117 1405 1172 1466 Pe-

107 1506 315 1586 trarcbamque
338 1508 390 1568 lras
414 1507 552 1588 epistulas
574 1506 721 1568 invenisse
737 1508 898 1580 constabat,
921 1518 1000 1569 recte
1016 1509 1059 1568 vel
1075 1509 1173 1588 potius

106 1608 298 1689 probabiliter
320 1611 557 1681 concludebatur,
582 1628 684 1672 omnes
707 1609 758 1689 qui
781 1619 928 1673 exstarent
950 1611 1065 1673 codices
1088 1631 1123 1672 ex
1145 1611 1172 1673 M

107 1713 248 1793 pendere:
283 1713 338 1774 etsi
371 1714 448 1775 enim
483 1722 599 1793 poterat
631 1714 703 1786 lieri,
739 1721 772 1774 ut
799 1733 833 1774 ex
857 1714 956 1775 codice
978 1734 994 1775 a
1017 1714 1173 1775 Petrarcha

107 1824 226 1895 reperto
248 1816 306 1877 duo
329 1816 459 1897 exempla
483 1816 728 1889 describerentur,
751 1835 878 1895 quorum
902 1817 1026 1877 alterum
1051 1827 1113 1878 erat
1135 1816 1172 1891 M,

107 1922 233 1982 alterum
269 1921 359 1981 codex
387 1938 466 1982 nunc
497 1920 674 2001 deperditus,
710 1919 759 1980 sed
783 1938 889 1998 parens
912 1920 956 1981 ed.
973 1921 1173 1994 lensonianae,

107 2022 278 2096 Antoniani,
301 2022 447 2096 Faernini,
475 2032 656 2084 tamennon
680 2022 867 2102 impudenter
890 2022 1103 2103 postulabatur,
1131 2032 1173 2096 ut,

106 2126 244 2205 quisquis
266 2128 288 2200 l,
311 2127 388 2200 bnt,
412 2127 433 2186 F
456 2127 522 2187 oM
557 2134 637 2187 ortos
671 2144 735 2186 esse
767 2133 894 2204 negaret,
928 2126 999 2187 illud
1021 2125 1119 2205 ipsum
1143 2145 1174 2187 se

108 2239 191 2290 recte
213 2248 318 2309 negare
341 2229 428 2290 certis
449 2229 611 2291 rationibus
627 2229 764 2289 efficeret.
803 2228 888 2290 Nunc
903 2247 981 2299 vero,
1005 2248 1072 2291 cum
1089 2230 1174 2309 plane

108 2331 270 2392 obscurum
294 2331 341 2406 sit,
368 2351 442 2412 quae
474 2332 512 2393 sit
539 2331 741 2412 propinquitas
765 2331 885 2393 Medicei
908 2351 974 2392 cum
999 2331 1174 2392 Petrarcbae

107 2435 220 2507 codice,
248 2454 322 2515 quae
345 2435 383 2496 sit
404 2435 608 2516 propinquitas
632 2433 753 2495 Medicei
775 2453 842 2495 cum
866 2435 888 2508 l,
911 2435 988 2506 Aut,
1012 2434 1043 2507 F,
1073 2433 1174 2512 inique

107 2545 176 2617 agat
191 2537 241 2616 qui
256 2537 394 2618 postulet,
417 2546 451 2599 ut
472 2537 499 2598 id
523 2538 681 2610 refellatur,
705 2538 782 2616 quod
800 2556 852 2598 cur
867 2537 1016 2618 probabile
1033 2537 1072 2598 sit
1087 2556 1173 2599 causa

107 2660 170 2703 non
194 2640 255 2703 est'.
301 2640 347 2701 ‘tt
369 2648 413 2702 tot
435 2658 536 2714 annos,
560 2640 652 2702 immo
676 2648 720 2702 tot
743 2640 856 2702 saecula
879 2639 905 2700 M
930 2640 1061 2721 optimus
1084 2640 1174 2701 codex

109 2762 275 2826 parensque
302 2743 482 2823 reliquorum
512 2743 629 2806 babitus
651 2743 714 2805 est’.
759 2743 849 2816 Quasi
872 2763 940 2805 vero
963 2744 1119 2823 quicquam
1144 2743 1173 2803 in

107 2847 146 2908 iis
170 2847 267 2922 rebus,
291 2866 364 2926 quae
386 2846 421 2907 ad
438 2865 499 2908 rem
517 2847 638 2926 logicam
655 2846 789 2920 attinent,
813 2855 957 2909 vetustate
972 2848 1173 2908 confirmetur.

108 2950 295 3029 Quamquam
319 2969 481 3024 caveamus,
505 2970 542 3011 ne
558 2951 630 3011 duas
650 2969 698 3011 res
713 2969 820 3029 easque
835 2951 928 3012 varias
944 2950 1174 3012 confundamus:

108 3073 179 3116 nam
204 3054 257 3115 alia
279 3062 325 3115 est
346 3053 495 3133 quaestio,
528 3053 630 3133 quanti
650 3052 678 3112 M
700 3053 900 3115 aestimandus
928 3053 966 3114 sit
988 3061 1075 3132 atque
1099 3052 1174 3132 opti-

109 3175 218 3220 musne
246 3156 284 3218 sit
317 3155 449 3218 omnium
474 3156 622 3229 codicum,
655 3157 721 3230 alia,
753 3156 828 3217 sitne
851 3155 880 3215 M
902 3175 1007 3235 parcns
1041 3156 1174 3218 omniurn

80 3313 84 3320 .
108 3261 292 3340 reliquorum
313 3260 457 3322 codicum.
492 3261 552 3321 lam
574 3259 645 3321 illud
669 3279 729 3320 non
752 3260 857 3339 agitur,
881 3261 984 3339 quanti
1000 3259 1028 3319 M
1044 3259 1096 3333 sit;
1119 3260 1175 3320 boc

107 3383 144 3427 ex
178 3364 214 3425 iis
244 3364 316 3425 locis
339 3383 413 3442 quos
436 3363 519 3425 attuli
543 3372 676 3443 apparet,
710 3363 737 3422 M
761 3381 819 3423 rrou
844 3381 908 3423 esse
930 3372 1082 3442 parentem
1107 3364 1172 3424 len-

107 3467 249 3529 soniauae
271 3467 326 3540 ed,
349 3467 427 3540 Ant,
449 3466 480 3526 F.

198 3569 254 3631 Sed
278 3571 472 3631 concedamus
496 3569 622 3630 multum
645 3570 679 3631 de
702 3577 804 3630 nostro
827 3568 905 3642 iure3
929 3575 988 3628 tam
1012 3567 1089 3629 enim
1107 3586 1174 3647 per·

107 3674 213 3754 spicua
235 3690 281 3734 res
304 3681 358 3746 est,
382 3682 415 3734 ut
436 3671 520 3734 facile
536 3691 655 3733 omnem
672 3671 885 3733 dubitationem
903 3671 1003 3731 tollere
1019 3689 1072 3732 nos
1089 3689 1174 3750 posse

108 3775 276 3837 credamus.
314 3774 370 3836 Fac
392 3793 456 3836 esse
479 3774 539 3834 veri
562 3775 656 3836 simile
673 3811 712 3817 -
729 3775 758 3835 id
774 3775 851 3853 quod
869 3774 927 3835 reri
943 3772 1174 3834 dissimiMimum

107 3897 176 3939 esse
199 3897 234 3938 ex
250 3877 378 3939 Viertelii
401 3887 430 3940 et
444 3877 550 3956 Voigtii
573 3878 677 3939 libellis
700 3887 821 3957 apparot
835 3913 875 3921 —
892 3878 920 3938 M
940 3894 1003 3938 esse
1022 3883 1190 3955 parentem

107 3981 247 4044 codicum
271 3981 337 4042 Ant.
361 3991 392 4044 et
413 3981 444 4055 F,
479 4000 544 4042 esse
567 3981 692 4060 denique
722 3981 782 4041 veri
812 3980 915 4054 simile,
947 3981 1016 4040 istas
1039 3978 1175 4039 meliores

164 4081 288 4134 Lelrmnnn,
306 4082 337 4122 Do
353 4081 397 4123 Cic.
412 4080 440 4121 ad
454 4081 501 4124 tut.
515 4080 625 4134 epistulis.
999 4064 1014 4116 2
