2866 4626
656 279 967 347 „gq--t⁵

278 459 350 524 baec
372 461 401 523 in
424 461 665 542 interpretatione
689 461 810 522 scribat:
845 458 1024 542 ιμάντευμα
1047 503 1128 520 ....
1174 459 1222 520 Sic
1243 465 1344 518 autem

279 567 422 647 scriptum
446 566 598 627 videbatur
619 566 651 626 in
667 566 766 626 codice
781 565 881 626 veteri.
917 564 1023 625 Verum
1046 562 1071 623 si
1086 560 1209 643 propius
1224 560 1343 632 tuearis,

277 681 306 732 et
328 672 490 752 perpendas
505 669 654 732 literarum
672 670 862 741 characteres,
886 668 985 749 potius
1001 666 1157 746 legendum
1174 664 1239 739 erit,
1264 665 1344 744 quod

278 793 336 834 non
373 775 465 836 multo
498 785 566 835 ante
589 773 734 853 reperitur
755 773 825 835 folio
849 772 918 833 162.
933 771 963 832 C.
988 771 1017 848 (i.
1036 790 1060 831 e.
1078 770 1116 830 tx
1134 768 1182 842 18,
1200 767 1231 842 3)
1261 763 1345 829 ἀλλὰ

277 877 398 950 τελέαν,
436 899 487 940 seu
512 889 545 939 ut
567 877 675 938 rectius
698 876 823 936 habebat
846 871 932 935 ἀλλὰ
952 870 1111 936 τελοῦσα’.
1156 871 1345 949 tatanem

279 981 396 1043 Bosium
420 993 498 1043 recte
521 981 679 1042 coniecisse
695 979 859 1040 llnaacltins
882 979 912 1039 in
930 978 1070 1040 Zeitscbr.
1094 980 1160 1039 luer
1182 979 1234 1039 das
1252 978 1286 1038 G.
1301 977 1343 1038 W.

279 1084 360 1147 1886
384 1105 412 1165 p.
434 1085 493 1147 381
519 1084 739 1145 demonstravit.

361 1190 500 1250 Absoluta
524 1197 584 1249 tota
604 1187 776 1266 quaestione
792 1187 828 1247 de
844 1187 865 1247 C
880 1195 910 1247 et
924 1204 941 1246 c
956 1203 1104 1246 summam
1121 1184 1343 1246 subducendam

277 1312 342 1353 esse
364 1293 580 1362 existimamus3
615 1292 686 1351 baec
719 1289 809 1368 igitur
840 1309 875 1350 ex
908 1289 1046 1350 omnibus
1079 1288 1115 1349 iis
1146 1307 1222 1366 quae
1257 1306 1344 1366 supra

278 1395 492 1475 disputavimus
516 1394 590 1454 ellici
614 1402 767 1472 putamus:
802 1397 831 1471 a)
855 1391 1015 1452 Cratander
1036 1391 1240 1470 compluribus
1263 1391 1345 1451 codi-

277 1499 359 1559 cibus
393 1517 465 1558 usus
499 1507 557 1567 est,
591 1516 626 1557 ex
653 1497 760 1575 quibus
789 1497 896 1557 inultas
923 1496 1064 1557 lectiones
1087 1495 1133 1570 (C)
1157 1495 1188 1556 in
1212 1496 1345 1574 margine

277 1603 421 1681 apposuit.
467 1601 497 1677 b)
526 1600 709 1679 Ubicumque
739 1600 810 1661 istae
840 1600 980 1661 lectiones
1007 1599 1029 1660 C
1060 1598 1187 1660 cumb1
1216 1619 1345 1660 consen·

278 1705 364 1775 liunt,
396 1707 451 1766 etsi
474 1705 633 1766 Cratander
656 1723 722 1764 raro
746 1702 781 1764 Α1
804 1703 968 1783 inspexisse
990 1703 1114 1774 videtur,
1142 1712 1241 1764 tamen
1265 1705 1344 1783 quod

277 1808 427 1868 nescimus
449 1827 508 1885 quo
532 1808 595 1868 loco
620 1804 664 1879 Al,
687 1826 746 1886 quo
769 1807 832 1867 loco
856 1806 969 1867 codices
992 1806 1161 1886 inspexerit,
1184 1807 1224 1867 ita
1249 1807 1270 1867 C
1293 1807 1345 1868 ad-

276 1912 412 1972 terendae
435 1919 514 1983 sunt,
546 1920 578 1971 ut
600 1907 634 1970 Α1
660 1929 719 1971 non
743 1911 922 1989 neglegatur.
968 1910 996 1989 c)
1019 1909 1187 1983 Cratander,
1216 1910 1272 1971 etsi
1296 1931 1344 1971 eas

275 2016 413 2076 lectiones
448 2034 521 2093 quas
555 2014 584 2073 in
617 2013 764 2075 codicibus
788 2014 899 2075 invenit
921 2013 950 2073 in
976 2013 1107 2093 margine
1128 2032 1238 2093 ponere
1261 2015 1343 2086 solet,

277 2129 373 2179 tamen
396 2136 456 2178 non
479 2136 641 2196 numquam
665 2119 704 2178 ita
728 2137 789 2178 rem
814 2119 881 2197 egit,
916 2127 950 2180 ut
982 2136 1087 2178 noram
1120 2116 1278 2178 lectionem
1313 2118 1356 2177 inx

278 2232 388 2283 textum
413 2221 571 2302 reciperet,
605 2232 733 2283 veterem
758 2241 774 2282 e
796 2230 879 2283 textu
902 2221 1008 2282 eiceret
1030 2229 1118 2299 atque
1140 2221 1268 2300 margini
1291 2223 1343 2283 tri-

276 2327 386 2388 bueret.
421 2325 452 2406 d)
470 2326 628 2387 Cratander
649 2344 709 2387 non
734 2326 820 2386 modo
836 2325 976 2386 lectiones
992 2344 1027 2386 ex
1043 2323 1192 2386 codicibus
1208 2335 1342 2404 sumptas

275 2433 304 2492 in
330 2430 459 2510 margine
480 2431 593 2509 posuit,
617 2431 667 2491 sed
691 2429 778 2491 etiam
802 2430 880 2491 haud
904 2449 1012 2510 paucas
1034 2429 1151 2490 silentio
1172 2429 1204 2490 in
1228 2438 1340 2491 textum

274 2534 392 2614 recepit.
437 2539 465 2604 el
494 2534 653 2595 Cratander
684 2534 714 2594 in
748 2543 830 2595 textu
863 2533 1068 2595 constituendo
1102 2551 1169 2593 raro
1203 2533 1340 2606 coniecit3

274 2638 419 2718 plerisque
442 2638 521 2706 locis,
546 2657 620 2716 qnos
645 2646 747 2706 mutat,
777 2637 933 2698 verborum
958 2637 1176 2698 collocationem
1201 2655 1237 2697 ex
1260 2638 1338 2698 codi-

274 2742 356 2803 cibus
372 2741 507 2815 correxit,
529 2741 675 2820 graviores
691 2760 815 2812 errores,
836 2759 910 2819 quos
926 2740 1091 2821 perspicere
1107 2738 1224 2800 subtilis
1239 2739 1339 2802 iudicii

274 2855 344 2917 erat,
368 2864 405 2906 ne
428 2865 464 2905 ex
485 2845 636 2906 codicibus
658 2845 776 2924 quidem
802 2845 875 2905 solet
898 2845 1043 2922 corrigere
1066 2844 1123 2904 nisi
1144 2843 1174 2903 in
1200 2845 1338 2923 margine.

274 2950 300 3027 t)
324 2948 482 3009 Cratander
516 2967 575 3009 non
609 2968 771 3028 numquam
802 2968 917 3009 errores
948 2948 1171 3028 typographicos
1198 2948 1229 3009 in
1258 2958 1337 3010 textu

273 3052 446 3112 commissos
480 3052 510 3110 in
544 3053 674 3131 margine
704 3053 832 3132 corrigit.
877 3052 908 3131 g)
932 3051 1114 3131 Ubicumque
1144 3070 1161 3112 c
1190 3070 1260 3112 curn
1284 3049 1338 3112 t1’

273 3156 429 3226 consentit,
453 3174 511 3215 non
535 3156 671 3228 efficitur,
694 3155 724 3216 in
742 3156 895 3217 Cratandri
915 3155 1065 3217 codicibus
1080 3155 1120 3216 ita
1137 3154 1238 3228 fuisse,
1262 3155 1338 3235 quod

273 3278 338 3320 raro
361 3259 554 3319 Cratandrum
588 3258 702 3320 codices
732 3260 895 3340 inspexisse
924 3269 1053 3339 apparet.
1098 3259 1131 3338 h)
1153 3258 1338 3339 Ubicumque

273 3362 353 3424 Cab
378 3360 413 3421 d2
435 3361 579 3432 dissentit,
614 3381 681 3422 cum
707 3360 740 3422 Α1
765 3364 920 3435 consentit,
954 3363 1108 3423 diiudicari
1142 3381 1202 3423 non
1231 3373 1340 3443 potest,

275 3478 372 3528 utrum
403 3464 424 3525 C
458 3485 491 3525 ex
526 3465 675 3526 codicibus
704 3467 833 3546 proiecta
863 3466 901 3528 sit
929 3485 966 3527 an
994 3485 1029 3527 ex
1057 3465 1103 3526 ld.
1154 3464 1176 3538 ἰ)
1207 3484 1237 3538 c,
1272 3466 1290 3526 i.
1314 3486 1338 3527 e.

272 3571 412 3631 lectiones
445 3568 644 3630 aCratandro
678 3570 707 3629 in
737 3579 817 3631 textu
845 3578 975 3643 novatae,
1010 3569 1119 3630 codicis
1142 3568 1237 3632 instar
1260 3578 1338 3643 sunt,

273 3673 453 3752 ubicumque
473 3689 539 3731 cum
557 3671 593 3731 iis
609 3672 760 3733 codicibus
777 3674 825 3751 qui
841 3692 922 3733 nunc
936 3683 1053 3734 exstant
1068 3682 1119 3734 aut
1134 3691 1203 3733 curn
1219 3672 1250 3746 Z,
1271 3693 1298 3734 r.
1314 3693 1338 3734 c.

271 3776 473 3848 consentiunt3
507 3773 685 3854 ubicumque
708 3795 724 3836 c
746 3796 842 3855 neque
865 3777 895 3836 in
919 3777 965 3848 iis,
995 3776 1103 3854 quibus
1133 3794 1187 3836 nos
1214 3777 1337 3850 utimur,

271 3881 420 3942 codicibus
443 3888 488 3940 est
511 3897 606 3957 neque
629 3879 659 3939 in
676 3878 705 3952 Z,
729 3899 754 3940 r.
772 3900 797 3939 c.
820 3879 935 3941 videtur
956 3879 1055 3953 fuisse,
1079 3898 1172 3941 unum
1195 3879 1337 3943 iudicium

270 3985 376 4046 valeto:
413 3984 437 4044 si
467 4003 482 4043 c
511 4000 607 4043 veram
639 3992 726 4062 atque
756 3984 951 4045 necessariam
974 3984 1127 4044 lectionem
1156 4002 1220 4044 esse
1248 4003 1338 4065 appa·

271 4089 354 4156 rebit.
389 4089 418 4148 in
450 4098 561 4148 textum
591 4086 759 4167 recipiatur3
795 4089 819 4148 si
850 4089 877 4148 id
900 4087 1008 4148 iudicio
1032 4106 1090 4148 non
1115 4088 1269 4162 efficietur,
1302 4107 1339 4150 ne
