2866 4626
542 253 876 318 -189—-

183 433 311 514 scriptus
334 451 398 494 esse
421 431 614 507 indicabatur,
637 451 693 493 nos
709 433 738 493 Ω
753 431 906 506 babemus,
929 449 1017 510 quem
1040 429 1170 492 codicem
1194 447 1249 490 nos

179 538 365 618 suspicamur
402 545 431 598 et
467 557 485 598 o
521 545 655 617 apertum
698 535 739 616 (p.
769 535 843 614 146)
888 544 918 596 et
958 533 1133 615 scripturam
1178 552 1249 595 con·

181 643 293 703 tinnam
318 642 359 721 (p.
379 640 452 719 156)
475 640 622 703 babuisse.

269 745 302 825 4)
325 744 434 817 Quarta
457 743 584 824 denique
607 753 652 805 est
679 742 826 816 condicio,
861 741 911 803 ubi
933 741 957 802 Y
978 760 1067 822 quam
1094 739 1248 803 lectionem

180 847 316 909 babuerit
349 865 409 908 non
438 856 568 919 constat,
597 847 626 909 id
657 847 734 928 quod
765 845 898 927 plurimis
929 845 1002 907 locis
1029 845 1148 919 accidit3
1181 863 1248 905 nam

181 971 217 1012 ex
251 949 367 1012 silentio
399 949 561 1024 Cratandri,
596 950 740 1024 Lambini,
777 950 865 1024 Bosii,
899 949 1023 1011 aliorum
1058 948 1132 1010 nihil
1164 967 1251 1028 posse

180 1054 315 1116 concludi
339 1073 425 1134 saepe
447 1063 477 1116 et
499 1054 627 1117 diximus
655 1063 685 1118 et
707 1054 906 1135 probavimus.
937 1053 969 1114 ld
985 1054 1010 1116 si
1025 1052 1065 1115 ita
1089 1061 1142 1127 est,
1165 1051 1251 1113 nobis

182 1158 301 1237 quidem
326 1177 499 1238 persuasum
524 1168 578 1233 est,
602 1159 794 1220 fundamenta
817 1158 858 1219 rei
874 1156 993 1220 criticae
1008 1156 1038 1218 in
1055 1156 1102 1218 bis
1117 1154 1251 1236 epistulis

180 1262 266 1342 plane
288 1261 404 1322 infirma
432 1281 511 1336 esse3
541 1280 608 1323 nam
644 1263 782 1342 quoniam
811 1281 847 1322 ex
873 1261 909 1322 iis
937 1260 1017 1336 locis,
1045 1279 1120 1340 quos
1146 1259 1252 1320 indea

182 1385 211 1446 p.
230 1364 290 1424 122
314 1365 476 1439 attulimus,
500 1365 689 1447 perspicuum
713 1377 758 1428 est
780 1365 917 1446 plurimis
939 1365 1010 1426 locis
1027 1366 1056 1426 Ω
1076 1364 1251 1425 mendosum

182 1469 275 1530 fuisse
292 1469 477 1548 eundemque
500 1470 630 1532 codicem
648 1469 850 1550 dittograpbiis
872 1488 961 1532 usum
977 1467 1068 1530 luisse
1083 1468 1145 1530 veri
1161 1468 1254 1530 simile

183 1581 230 1633 est
257 1571 306 1651 (cf.
321 1591 409 1652 supra
425 1592 453 1653 p.
468 1572 552 1651 173),
575 1572 676 1634 multis
696 1573 766 1634 locis
788 1582 817 1634 et
839 1572 970 1634 recensio
988 1578 1087 1633 tentus
1107 1581 1137 1633 et
1151 1590 1253 1633 emen-

184 1676 261 1737 datio
286 1675 456 1737 difficillima
478 1685 533 1751 est,
557 1677 635 1757 quod
659 1676 786 1738 dubitari
809 1683 919 1756 potest,
951 1694 987 1737 an
1015 1676 1078 1756 ipse
1102 1678 1131 1737 Ω
1154 1675 1253 1737 conie-

183 1788 281 1840 cturas
304 1777 351 1840 vel
373 1788 556 1841 correcturas
571 1780 722 1854 babuerit;
746 1778 848 1841 multis
863 1778 951 1841 etiam
976 1779 1047 1840 loeis
1069 1788 1099 1840 et
1121 1778 1254 1840 recensio

183 1893 213 1944 et
228 1882 395 1945 emendatio
410 1884 496 1963 plane
512 1884 693 1964 desperanda
708 1892 763 1958 est,
786 1883 867 1964 quod
883 1901 957 1962 quae
973 1883 1059 1945 lectio
1078 1883 1109 1944 in
1120 1886 1149 1944 ‚Q
1165 1883 1255 1945 luerit

183 1987 306 2048 omnino
329 2006 388 2048 non
412 1996 536 2049 constat.
579 1987 642 2048 Erit
664 1987 754 2065 igitur
776 1987 826 2066 qui
850 1987 941 2048 dicat:
976 1987 1063 2061 ‘Quin
1092 1995 1124 2048 tn
1152 1988 1252 2048 eadem

184 2092 306 2164 ratione,
330 2109 418 2169 quam
436 2110 523 2171 supra
539 2110 568 2171 p.
588 2092 647 2153 180
663 2089 834 2164 adhibuisti,
855 2090 891 2152 ad
909 2098 1020 2152 textum
1037 2090 1251 2152 recensendum

189 2194 265 2255 banc
288 2194 445 2256 formulam
474 2194 630 2256 constituis
653 2193 698 2254 Μ’
716 2192 799 2275 -)-Σ
821 2203 904 2256 sunt
927 2193 1048 2275 pluris
1071 2213 1176 2274 quarn
1203 2191 1256 2255 A?

188 2297 262 2357 Nam
294 2315 361 2357 curn
390 2297 477 2358 altera
508 2317 575 2377 pars
605 2317 640 2358 ex
664 2303 695 2358 Δ
721 2317 789 2359 cum
813 2300 843 2359 Σ
862 2297 1023 2373 consentit,
1057 2298 1131 2359 nibil
1160 2307 1257 2378 potest

189 2419 253 2461 esse
287 2400 410 2461 dubium
442 2401 478 2461 de
502 2400 549 2461 52³.
595 2401 688 2474 Erret,
726 2400 777 2481 qui
811 2402 888 2462 banc
919 2402 1064 2463 rationem
1099 2412 1256 2481 sequatur;

188 2523 258 2565 eum
293 2503 371 2564 enirn
407 2503 546 2565 lectiones
579 2504 620 2565 Μ’
655 2504 803 2585 plerisque
837 2505 907 2566 locis
940 2525 974 2566 ex
997 2508 1026 2566 Σ
1051 2506 1080 2567 in
1106 2512 1136 2566 A
1160 2514 1256 2565 trans-

189 2608 264 2667 latae
287 2626 351 2668 esse
368 2606 530 2680 rideantur,
555 2608 646 2669 nihilo
662 2607 755 2688 pluris
771 2619 842 2670 sunt
857 2607 898 2668 Μ’
917 2607 956 2688 -Ι-
973 2611 1002 2669 Σ
1021 2627 1109 2688 quam
1128 2627 1205 2670 unus
1221 2610 1256 2669 Σ.

190 2710 272 2782 Quae
288 2728 335 2771 res
351 2728 418 2770 curn
435 2711 474 2771 ita
488 2710 535 2784 sit,
552 2729 607 2772 nos
619 2711 661 2772 sic
676 2730 811 2791 agemus:
828 2716 856 2789 a)
872 2713 904 2774 In
922 2713 1057 2792 gravibus
1073 2710 1257 2784 lectionibus,

191 2832 265 2892 quae
281 2813 399 2891 quidem
416 2813 522 2875 iudicio
539 2815 693 2895 ponderari
717 2827 852 2896 possunt,
876 2835 968 2878 tinum
985 2816 1126 2878 iudicium
1144 2815 1258 2876 valebit.

192 2916 223 2993 b)
247 2916 279 2976 ln
310 2916 412 2978 mediis
438 2918 614 2980 lectionibus
638 2938 816 2981 consensum
840 2920 968 2981 ENHOP
993 2920 1036 2981 vel
1058 2918 1135 2980 EOR
1164 2918 1259 2998 pluris

192 3018 383 3080 aestimamus
406 3040 495 3099 quarn
521 3029 560 3095 A,
594 3023 673 3102 quod
708 3025 794 3103 paulo
818 3025 934 3105 saepius
957 3023 977 3084 ii
1000 3023 1114 3085 codices
1145 3022 1260 3084 cumY

191 3123 383 3184 consentiunt
411 3144 499 3204 quarn
525 3133 555 3187 A
564 3146 571 3198 3
599 3126 779 3206 ubicumque
802 3126 878 3187 ENll
907 3146 974 3188 cum
1005 3133 1035 3188 A
1061 3127 1260 3198 consentiunt,

193 3226 268 3286 ORP
292 3226 432 3288 reiciendi
456 3237 539 3302 sunt3
570 3229 749 3309 ubicumque
777 3249 845 3290 vero
868 3230 944 3290 ENH
975 3230 1090 3304 desunt,
1126 3250 1171 3292 res
1202 3239 1258 3291 tarn

193 3329 281 3391 dubia
305 3340 359 3404 est,
387 3341 421 3393 ut
450 3352 502 3393 nos
526 3334 644 3412 quidem
672 3341 735 3395 utra
760 3333 797 3394 sit
821 3352 886 3394 vera
910 3335 996 3395 lectio
1020 3333 1178 3395 diiudicare
1201 3353 1259 3394 non

192 3433 366 3494 audeamus
413 3440 440 3509 c)
463 3436 648 3517 Ubicumque
671 3437 876 3499 emendatione
904 3457 978 3518 opus
1006 3449 1066 3512 est,
1102 3438 1259 3498 videndum

192 3555 257 3597 esse
280 3538 389 3612 iudico,
413 3558 484 3600 num
510 3541 551 3600 Μ1
574 3560 632 3602 non
651 3542 715 3603 dieo
731 3542 883 3603 meliorem
907 3542 957 3603 sed
975 3542 1133 3620 genuinam
1157 3539 1255 3600 lectio·

192 3658 261 3700 nem
286 3640 405 3715 babeat3
434 3662 500 3703 nam
530 3664 563 3704 ea
591 3664 665 3723 quae
692 3646 759 3706 inde
781 3666 795 3706 a
820 3664 849 3726 p.
868 3644 927 3706 185
951 3644 1103 3706 attulimus
1127 3641 1261 3722 probant,

192 3742 270 3803 lraud
299 3763 365 3803 raro
382 3747 411 3805 Σ
431 3747 539 3808 talibus
554 3746 625 3808 loeis
649 3750 798 3810 meliorem
815 3749 971 3811 lectionem
990 3746 1097 3808 babere
1119 3755 1261 3807 ettamen

193 3847 361 3908 coniectura
388 3849 551 3925 inventam3
575 3871 671 3931 neque
695 3872 749 3914 nos
773 3854 972 3933 desperamus
996 3870 1055 3911 non
1079 3849 1166 3910 nullis
1190 3848 1262 3908 locis

193 3971 208 4011 a
233 3952 318 4012 nobis
343 3973 438 4014 reram
464 3956 621 4017 lectionem
647 3956 776 4017 faciliore
800 3955 968 4019 coniectura
992 3952 1108 4015 restitui
1132 3971 1229 4033 posse.
