2866 4626
566 257 877 323 ...33-

188 434 331 497 adiciatur
355 436 408 498 ‚vel
440 455 529 516 supra
551 436 604 511 m¹‚
639 455 712 516 quae
734 436 820 499 lectio
843 455 903 498 non
925 455 1043 519 semper
1064 437 1252 519 expungitur,

187 548 324 619 pouatur‚
360 539 403 601 vel
429 549 463 601 ut
488 541 588 602 erasae
610 540 716 621 prioris
738 540 872 603 lectionis
895 541 959 603 loco
981 551 1118 623 ponatur,
1153 542 1198 604 vei
1221 552 1254 605 ut

188 643 328 706 vocabula
342 643 491 722 litteraeve
507 663 581 725 quae
603 663 834 724 supervacaneae
856 664 920 708 esse
944 645 1117 709 videbantur
1138 664 1254 727 expun-

187 755 304 826 gantur.
348 747 417 822 Nos,
448 767 516 809 cum
546 749 663 810 eaedem
688 767 793 811 manus
815 748 975 830 pristinum
999 757 1111 811 tentum
1134 760 1165 813 et
1186 769 1252 812 cor-

186 850 320 913 rexerint
352 859 391 924 et,
424 851 453 912 id
476 852 555 932 quod
584 871 723 933 persaepe
752 852 864 927 accidit,
898 853 1092 934 corruperint,
1126 872 1254 933 cumque

188 953 315 1014 maxime
338 952 454 1017 iutersit
476 955 551 1017 scire
569 956 638 1036 quid
661 954 702 1016 m¹
727 954 886 1036 scripserit,
910 956 1003 1018 varias
1025 965 1123 1018 autem
1149 973 1254 1018 manus

188 1057 369 1137 distinguere
401 1059 475 1120 tanti
502 1058 642 1140 temporis
665 1059 711 1133 sit,
745 1068 889 1139 quantum
912 1060 997 1122 nobis
1020 1078 1080 1122 non
1103 1061 1253 1140 suppetiit,

186 1161 367 1223 conferendo
389 1163 435 1223 ml
456 1170 486 1224 et
508 1163 552 1224 m²
575 1162 773 1237 distinximus,
796 1163 905 1225 iterum
928 1164 1114 1237 conferendo,
1138 1163 1163 1226 si
1178 1184 1253 1245 opus

187 1266 251 1338 erit,
275 1284 379 1327 omnes
402 1284 506 1328 manus
522 1266 747 1346 distinguemus.
782 1266 880 1328 Prima
896 1285 1001 1330 manus
1017 1267 1087 1346 quid
1103 1267 1254 1347 scripserit

186 1368 362 1449 intellegere,
378 1369 407 1431 id
422 1370 501 1450 quod
517 1370 643 1432 maxime
658 1369 790 1444 interest,
807 1370 889 1431 facile
903 1378 958 1444 est,
975 1370 1154 1451 ubicumque
1168 1370 1253 1432 lineis

187 1474 363 1536 transversis
377 1475 423 1535 vel
437 1475 555 1554 punctis
571 1474 693 1547 deletur,
714 1473 840 1547 difficile,
861 1473 953 1536 immo
969 1474 1174 1537 difficillimum
1198 1483 1251 1549 est,

184 1575 366 1655 ‚ubicumque
388 1577 512 1657 pristina
533 1577 673 1640 vocabula
696 1596 777 1640 erasa
800 1587 878 1640 suut.
922 1577 964 1652 ld,
987 1586 1131 1658 quantum
1154 1579 1253 1658 potui-

151 1666 156 1740 ]
188 1697 267 1753 mus,
299 1680 437 1755 lecimus3
469 1699 538 1751 nam
566 1700 634 1743 cum
657 1699 717 1742 nou
740 1700 832 1761 pauca
853 1681 991 1743 vocabula
1014 1682 1054 1743 ita
1076 1700 1159 1743 erasa
1182 1681 1252 1756 sint,

188 1792 221 1845 ut
249 1783 373 1845 omnino
401 1783 472 1862 quid
499 1782 583 1845 initio
610 1783 641 1845 in
664 1792 746 1846 teitu
768 1783 858 1845 inerit
880 1784 1050 1863 dignoscere
1073 1803 1133 1846 uon
1156 1784 1249 1859 liceat,

189 1886 331 1966 quaedam
360 1886 498 1949 vocabula
519 1887 612 1949 levius
634 1907 715 1950 erasa
738 1898 817 1962 sunt,
849 1898 883 1951 ut
904 1898 956 1950 aut
978 1896 1037 1950 tota
1060 1888 1116 1968 legi
1138 1889 1253 1969 possint

188 1999 238 2052 aut
270 2008 331 2051 non
365 1990 458 2052 nullas
491 1991 605 2052 litteras
636 2010 794 2072 agnoscere
826 1992 925 2065 liceat,
961 2001 994 2053 ut
1015 2011 1029 2052 e
1051 2000 1081 2053 et
1102 2011 1120 2054 r
1141 1994 1172 2054 in
1194 1993 1252 2054 fine

188 2112 276 2167 vocc,
311 2102 346 2164 ct,
380 2093 403 2174 s
415 2092 522 2175 (=s),
555 2095 575 2165 l,
610 2116 634 2175 q,
666 2116 697 2177 g:
732 2096 783 2158 ubi
815 2095 894 2158 enim
929 2094 1103 2157 vocabulum
1135 2115 1252 2158 erasum

188 2206 244 2270 est,
268 2196 348 2276 quod
371 2197 401 2258 in
423 2216 438 2259 e
460 2205 511 2259 aut
531 2216 549 2258 r
571 2199 689 2273 desinit,
713 2209 844 2262 extrema
866 2199 941 2260 linea
963 2216 1065 2260 earum
1087 2198 1251 2260 litterarum

188 2310 294 2376 exstat3
328 2282 359 2300 ⁸
391 2319 477 2381 saepe
509 2311 599 2364 restat
632 2320 728 2383 neque
754 2304 818 2366 aliis
845 2301 951 2365 litteris
984 2311 1072 2381 atque
1104 2313 1131 2365 ct
1164 2302 1253 2364 tribui

187 2414 296 2486 potest;
333 2405 356 2486 s
375 2413 404 2467 et
430 2405 449 2475 l,
483 2423 550 2466 cnm
584 2407 720 2485 superior
747 2425 815 2487 pars
841 2406 1008 2468 litterarum
1035 2414 1135 2479 restat,
1169 2406 1252 2466 facile

187 2509 409 2589 dignoscuntur,
444 2517 539 2589 neque
563 2508 662 2571 minus
684 2509 767 2572 facile
786 2530 805 2590 g
827 2519 857 2572 et
879 2532 904 2591 q,
938 2527 1007 2570 cum
1036 2508 1158 2571 inferior
1184 2527 1252 2589 pars

187 2622 289 2676 exstat.
335 2611 508 2674 incertiores
540 2621 628 2693 atque
660 2612 838 2675 infirmiores
862 2613 936 2675 istae
959 2611 1097 2693 reliquiae
1119 2611 1146 2672 ei
1169 2611 1252 2673 vide·

188 2716 309 2789 buntur,
340 2717 389 2796 qui
420 2715 450 2776 in
480 2715 537 2777 isto
568 2716 667 2778 codice
689 2716 813 2796 legendo
836 2726 967 2778 versatus
990 2734 1050 2777 non
1073 2715 1141 2790 erit3
1174 2715 1251 2776 idem

186 2819 236 2880 ubi
269 2819 382 2881 diutius
414 2837 482 2881 eum
516 2820 697 2894 tractaverit,
733 2819 834 2882 multis
867 2820 938 2881 locis
967 2828 1046 2881 recte
1075 2837 1121 2879 me
1148 2817 1252 2898 legisse

185 2922 228 2983 vel
272 2941 308 2984 ex
350 2922 416 2984 istis
459 2922 591 3002 reliquiis
636 2923 813 2986 conclusisse
856 2923 994 2985 inveniet.
1053 2921 1146 2984 Causa
1182 2941 1252 2984 vero

184 3026 276 3089 totius
304 3026 403 3088 damni
432 3036 519 3107 atque
545 3028 741 3109 plurimarum
764 3027 996 3107 corruptelarum
1020 3025 1136 3088 videtur
1156 3026 1251 3088 luisse

182 3139 253 3190 t=
267 3129 332 3192 cod.
348 3128 382 3190 u.
397 3131 432 3192 lI.
450 3133 486 3191 11
505 3132 587 3211 (olim
612 3133 640 3192 b.
658 3133 678 3193 l.
697 3133 737 3211 1),
761 3131 812 3212 qui
835 3140 880 3193 est
901 3131 932 3191 in
948 3131 1048 3192 eadem
1065 3129 1250 3203 bibliotheca,

181 3242 235 3294 aut
256 3233 320 3312 ipse
342 3242 393 3295 aut
415 3236 479 3296 eius
501 3254 621 3316 parens:
650 3254 738 3316 quem
762 3254 817 3297 uos
839 3234 942 3297 multis
963 3233 1035 3295 locis
1057 3232 1250 3314 inspeximus,

181 3337 263 3416 quod
286 3355 372 3417 saepe
394 3357 462 3400 oum
486 3337 525 3400 0²
548 3337 704 3412 consentit,
728 3356 824 3418 neque
846 3357 915 3400 vero
935 3337 1113 3399 contulimus
1134 3347 1186 3398 aut
1200 3335 1251 3416 qui

181 3439 355 3503 conferatur
370 3441 492 3520 dignum
508 3451 657 3523 putamus,
681 3442 759 3522 quod
783 3441 836 3504 etsi
859 3441 918 3504 ali
940 3459 1001 3502 non
1021 3440 1129 3521 pendet
1152 3450 1250 3501 tamen

179 3542 394 3606 incredibiliter
413 3556 570 3626 corruptus
592 3556 646 3608 est.

270 3646 378 3710 Graeca
405 3648 544 3711 vocabula
570 3659 637 3730 post
665 3657 778 3711 textum
801 3647 924 3710 latinum
948 3649 1115 3708 confectum
1138 3645 1247 3707 inserta

179 3758 255 3813 sunt
277 3760 364 3831 atque
386 3752 480 3814 tribus
502 3753 621 3832 quidem
645 3752 796 3826 manibus;
819 3750 914 3831 prima
937 3749 1038 3829 rigidis
1053 3749 1158 3812 litteris
1174 3767 1248 3828 qua·

178 3855 275 3917 dratis
298 3855 390 3918 utitur
412 3864 499 3936 atque
521 3875 587 3918 raro
609 3857 771 3930 invenitur3
806 3855 895 3916 altera
929 3853 1106 3916 maiusculas
1135 3852 1247 3914 litteras

179 3959 325 4021 rotundas
348 3967 436 4039 atque
458 3971 490 4022 ut
504 3960 544 4022 ita
560 3961 653 4022 dicam
670 3959 875 4021 semiunciaIes
890 3958 993 4020 scribit
1007 3966 1095 4037 atque
1110 3957 1247 4037 pleraque

178 4062 283 4144 posuit
304 4081 398 4142 usque
421 4063 457 4124 ad
479 4063 514 4125 ad
537 4064 745 4137 itt.V14,1,
768 4071 836 4142 post
858 4063 937 4124 bunc
959 4062 1056 4123 locum
1080 4060 1176 4122 rarius
1199 4078 1247 4120 re-

235 4162 357 4213 Iisbmsnm
372 4163 404 4206 De
418 4162 463 4206 uia.
478 4163 507 4206 ad
521 4165 567 4206 Ati.
583 4163 692 4216 epistulis.
1070 4163 1087 4217 3
