2866 4626
543 272 879 336 -131--

180 453 214 522 Α,
232 451 262 522 Β,
280 449 310 522 C,
334 469 408 530 quos
432 449 643 511 Wilmannsius
666 450 705 510 ita
729 450 829 524 edidit,
858 461 891 512 ut
912 451 936 510 Α
958 450 1122 530 principem
1151 447 1248 528 expri-

180 563 284 626 meret,
307 553 414 633 quibus
443 553 515 614 locis
538 553 560 614 B
588 552 661 615 etC
689 553 880 614 dissentirent
905 553 1067 614 adnotaret.
1112 551 1248 630 digitur

178 661 198 717 f.
217 655 373 718 30r'haec
395 657 498 719 habet:

239 807 342 849 versus
365 790 385 850 4
406 788 601 868 Epistularum
623 791 757 850 ciceronis
779 788 826 849 lid.
845 785 917 849 XVI
934 790 966 848 in
986 804 1045 848 nno
1068 787 1159 848 codice

367 918 386 978 5
410 919 553 997 Bpistolce
576 922 711 980 ciceronis
732 923 763 980 in
785 919 1018 1000 quaternionibus

411 1021 485 1082 infra
520 1021 590 1083 haee
624 1022 731 1102 scripta
766 1032 837 1083 sunt
870 1023 1001 1103 epistolae
1031 1023 1166 1083 ciceronis
1200 1021 1248 1082 di-

467 1143 566 1187 versae

371 1252 485 1315 dicein
514 1255 645 1335 epistolae
676 1258 811 1318 ciceronis
845 1255 983 1318 diversae.
1039 1254 1110 1317 Item
1147 1258 1250 1316 murcie·

468 1359 546 1420 tullii

370 1489 387 1547 7
412 1492 544 1550 ciceronis
574 1489 758 1569 epistolarum
788 1491 835 1552 lib.
852 1489 921 1552 llll.
944 1494 975 1551 in
996 1508 1055 1552 nnc
1078 1490 1137 1552 cod.

182 1639 240 1699 Nos
275 1658 341 1700 eum
377 1641 439 1701 cod.
469 1642 519 1720 qui
547 1650 592 1702 est
618 1642 648 1701 in
679 1662 719 1704 rs.
742 1644 762 1704 4
789 1653 819 1703 et
842 1642 1015 1703 Sichardum
1043 1641 1192 1703 invenisse
1219 1651 1249 1702 et

181 1743 268 1804 Beato
303 1743 457 1805 tradidisse
490 1745 660 1825 opinamur,
688 1763 755 1806 nam
785 1755 854 1807 nota
881 1765 955 1825 quae
985 1756 1030 1807 est
1056 1746 1133 1806 inlra
1160 1764 1202 1806 vs.
1227 1745 1245 1804 5

183 1847 267 1907 nobis
295 1847 410 1909 videtur
436 1848 570 1928 probare,
604 1859 632 1911 et
660 1850 723 1910 cod.
752 1851 783 1909 in
810 1850 889 1910 vs.5
913 1868 978 1930 epp.
1001 1849 1037 1909 ad
1060 1852 1129 1910 fam.
1152 1847 1248 1909 conti-

184 1951 285 2012 nuisse
308 1960 337 2011 et
359 1951 423 2012 cod.
446 1951 476 2011 in
500 1953 578 2013 vs.4
601 1972 666 2032 epp.
690 1953 726 2013 ad
748 1953 807 2014 Att.
830 1953 982 2014 habuisse:
1016 1953 1088 2013 haec
1116 1952 1141 2013 si
1169 1960 1248 2012 recte

183 2053 356 2127 conicimus,
390 2055 453 2115 cod.
478 2055 609 2116 Sichardi
632 2057 677 2116 rel
703 2055 967 2117 Laurisheimensis
990 2057 1045 2116 hac
1076 2074 1107 2116 re
1130 2073 1197 2116 curn
1228 2054 1247 2114 Z

185 2156 351 2218 consentire
373 2158 496 2229 videtur,
524 2160 601 2238 qnod
626 2170 748 2237 uterque
773 2159 835 2220 cod.
850 2159 915 2221 XVI
937 2159 1027 2220 libros
1050 2177 1116 2240 epp.
1139 2158 1175 2219 ad
1196 2159 1249 2219 dt-

185 2259 274 2321 ticum
309 2261 434 2322 habehat
463 2274 549 2341 atque
577 2282 642 2343 epp.
670 2265 705 2324 ad
729 2263 786 2335 Qu.
805 2264 842 2324 fr.
866 2273 896 2323 et
918 2263 953 2324 ad
976 2263 1100 2324 Brutum
1125 2261 1249 2324 carebat.

184 2363 315 2443 lienique
339 2363 369 2423 L.
387 2365 529 2426 Gurlittus
553 2366 582 2426 in
606 2385 638 2426 ea
662 2367 909 2428 commentatione
935 2377 1077 2447 quaeest
1103 2367 1133 2427 in
1156 2364 1250 2428 Iahnii

186 2467 259 2527 dnn.
282 2466 316 2526 N.
334 2467 363 2527 S.
384 2486 409 2527 a.
433 2467 513 2529 1885
536 2487 564 2548 p.
589 2468 648 2529 561
673 2480 752 2530 recte
784 2470 955 2532 adfirmasse
987 2471 1111 2542 videtur,
1146 2468 1250 2530 lih.lll

188 2589 252 2650 epp.
281 2570 316 2630 ad
339 2570 394 2641 Qu.
424 2574 459 2632 fr.
493 2581 522 2631 et
555 2590 648 2632 unum
682 2572 789 2634 librum
824 2594 889 2655 epp.
923 2574 958 2636 ad
989 2575 1115 2635 Brutum
1155 2590 1248 2633 unum

187 2675 312 2735 codicem
338 2675 428 2736 luisse
455 2684 542 2754 atque
564 2675 655 2736 istum
677 2675 854 2754 singularem
877 2677 1005 2738 codicem
1029 2677 1059 2738 in
1075 2695 1133 2737 vss.
1150 2676 1169 2737 6
1186 2675 1250 2736 et'i

188 2777 322 2838 indicari:
356 2797 411 2838 nos
444 2797 513 2837 reru
548 2778 747 2858 suspicamur,
788 2781 879 2841 istum
917 2799 1034 2860 quoque
1069 2780 1200 2840 codicem
1234 2797 1249 2838 a

190 2882 328 2943 Sichardo
351 2884 504 2942 inventum
526 2892 555 2941 et
578 2881 738 2944 Cratandro
762 2885 981 2945 commodatum
1005 2902 1078 2944 esse.
1124 2883 1181 2942 Sed
1214 2881 1250 2940 ad

189 3002 249 3063 epp.
274 2985 308 3044 ad
333 2985 462 3046 Atticum
485 2985 631 3046 redimus:
666 3004 733 3045 cum
757 2994 786 3046 et
802 2986 821 3045 Z
838 2986 971 3067 epistulis
994 2987 1029 3048 ad
1045 2987 1100 3058 Qu.
1117 2989 1151 3045 lr.
1169 2985 1249 3045 etad

192 3087 308 3148 Brutum
344 3088 474 3149 caruisse
508 3098 622 3149 certum
655 3088 693 3148 sit
716 3089 766 3168 (cf.
791 3109 878 3171 supra
901 3110 929 3170 p.
948 3091 1021 3164 115)
1056 3099 1123 3151 eta
1152 3089 1252 3150 codice

192 3188 444 3260 laurislreinrensi,
473 3211 532 3270 quo
555 3192 748 3254 Cratandrum
779 3212 865 3254 usum
893 3212 956 3253 esse
985 3194 1044 3253 veri
1075 3193 1169 3254 simile
1196 3202 1250 3266 est,
1275 3221 1277 3224 ·

191 3291 272 3354 iidem
295 3294 362 3355 libri
382 3295 490 3356 afuisse
513 3296 675 3368 videantur,
699 3297 870 3369 conicimus,
893 3304 983 3356 totam
1000 3297 1119 3357 alteram
1136 3304 1250 3375 partem

193 3398 360 3471 stemmatis,
383 3400 461 3477 quod
484 3399 704 3471 constituimus,
731 3398 811 3459 Y=
827 3399 931 3472 CZW,
965 3400 1105 3480 epistulas
1132 3401 1167 3460 ad
1194 3400 1249 3472 Qu.

193 3502 224 3560 lr.
247 3501 333 3563 etad
358 3503 481 3562 Brutum
505 3520 565 3562 non
588 3501 735 3562 habuisse.

272 3659 345 3721 Cum
378 3660 506 3739 reliquos
533 3660 623 3721 libros
646 3681 662 3721 a
685 3662 773 3722 Beato
797 3661 890 3722 editos
913 3661 1084 3733 evolverem,
1115 3670 1148 3721 ut
1171 3660 1249 3720 ride-

193 3779 248 3822 rem
271 3782 365 3842 ecquo
388 3763 478 3825 altero
498 3763 562 3824 loco
578 3764 640 3824 cod.
657 3764 921 3825 Laurislreimensis
937 3765 1117 3825 mentionem
1133 3767 1250 3835 laceret,

193 3865 259 3926 nihil
284 3868 413 3946 repperi3
437 3866 543 3946 itaque,
566 3867 622 3927 nisi
645 3871 712 3948 quis
736 3888 781 3929 me
804 3869 917 3929 felicius
940 3870 983 3929 vel
999 3867 1166 3946 diligentius
1187 3885 1249 3926 rem

193 3970 318 4045 gesserit,
341 3971 413 4031 haec
435 3971 588 4031 adfirmare
612 3971 656 4031 vel
679 3971 820 4051 suspicari
842 3971 955 4033 licebit:
982 3973 1012 4045 1)
1026 3971 1071 4031 Jo.
1093 3969 1251 4032 Sichardus

193 4069 218 4131 in
242 4072 416 4134 bibliotheca
432 4073 681 4135 Laurislreimeusi
704 4095 768 4156 epp.
786 4076 820 4136 ad
837 4076 965 4137 Atticum
989 4075 1103 4137 invenit
1124 4095 1251 4155 eumque

1056 4177 1089 4231 9*
