2866 4626
554 257 865 320 *lg-

177 436 315 498 lectiones
330 436 398 496 Ant.
415 445 443 497 et
458 435 480 494 F
500 434 774 515 interpolationibus
791 431 952 511 accepisse:
977 439 1074 493 tamen
1091 430 1120 492 iel
1136 431 1243 493 falsum

177 559 241 601 esse
268 558 363 618 neque
391 540 451 600 ullo
476 540 562 600 modo
593 537 730 600 credibile
760 556 795 597 ex
823 554 882 596 non
907 535 996 597 nullis
1018 535 1090 596 locis
1113 544 1244 615 apparet,

180 643 266 704 modo
289 642 425 723 princeps
449 644 502 704 ista
525 643 599 704 ratio
622 641 836 723 philologorum
861 647 1002 711 servetur,
1038 646 1079 712 ut,
1110 638 1245 718 quisquis

179 746 420 825 interpolationes
444 746 473 806 in
497 755 610 808 textum
635 745 763 825 recipiat,
787 744 843 804 hoc
866 750 988 822 spectet,
1015 752 1047 803 ut
1069 742 1155 802 verba
1180 760 1245 802 cor-

177 858 262 928 rupta
279 857 422 927 quantum
446 848 509 908 lieri
525 848 619 928 possit
634 846 768 926 corrigat.
806 847 865 923 Age
885 844 953 916 iam,
978 862 1037 905 non
1054 844 1150 905 nullos
1166 844 1245 905 locos

178 971 213 1012 ex
228 951 264 1012 iis
280 971 354 1031 quos
372 970 459 1031 supra
483 951 584 1030 collegi
599 951 685 1031 paulo
709 949 877 1028 diligentius
901 956 1070 1009 tractemus.
1105 946 1141 1007 lV
1157 944 1244 1017 aaa

179 1054 209 1114 in
233 1053 260 1113 bl
284 1064 329 1115 est
347 1064 497 1134 postquam
518 1057 594 1116 misit
616 1054 703 1115 libros
725 1052 922 1113 inlrutrorunt
944 1053 1035 1112 oeldo.
1081 1049 1244 1110 Obscuram

178 1175 243 1217 esse
276 1156 452 1218 sententiam
486 1167 622 1237 apparet3
655 1158 722 1216 Ant.
746 1173 814 1215 vero
843 1154 945 1215 habuit
967 1165 1119 1234 postquam
1141 1158 1177 1214 ait
1200 1154 1249 1214 tibi

178 1261 265 1322 libros
289 1305 296 1318 .
316 1304 322 1319 .
340 1306 346 1319 .
366 1306 372 1320 .
389 1280 415 1320 .:
439 1259 508 1339 quid
532 1257 642 1339 igitur‘l
666 1278 737 1321 num
762 1258 848 1338 paulo
875 1258 1003 1337 apertior
1033 1265 1078 1318 est
1100 1258 1247 1336 posterior

179 1362 324 1423 sententia
347 1360 466 1442 priore?
490 1363 609 1423 Minime
624 1362 751 1442 quidem.
786 1360 862 1421 Num
886 1360 976 1439 igitur
997 1360 1033 1430 is,
1056 1359 1108 1439 qui
1130 1359 1160 1419 in
1178 1362 1244 1420 Ant.

179 1467 223 1527 vel
246 1466 308 1527 eius
331 1475 451 1545 parente
473 1466 528 1527 ista
551 1466 741 1546 interpolasse
761 1463 885 1535 videtur,
908 1462 947 1523 ita
971 1481 1071 1524 secum
1095 1462 1245 1542 cogitavit:

182 1567 267 1640 ‘Qoiu
291 1569 346 1630 hoo
369 1570 432 1630 loco
456 1569 511 1630 ista
534 1570 619 1630 verba
637 1579 785 1649 postquam
801 1571 878 1627 miste
893 1565 980 1628 libros
994 1565 1049 1626 sibi
1066 1567 1164 1642 velint,
1186 1585 1245 1626 non

178 1671 331 1750 intellego;
367 1671 461 1732 multo
496 1670 595 1733 minus
628 1670 772 1749 intellego,
806 1670 875 1748 quid
903 1689 934 1730 ea
963 1671 1084 1742 valeant,
1119 1670 1246 1749 quaein

181 1774 236 1835 boc
258 1775 351 1836 altero
374 1774 472 1836 codice
488 1775 612 1854 reperio,
635 1783 781 1854 postquem
802 1778 838 1834 sit
859 1774 912 1835 tibi
926 1772 1028 1834 libros:
1051 1773 1099 1833 sed
1116 1773 1246 1852 priorem

179 1877 334 1938 lectionem
364 1877 512 1950 radamus,
545 1877 737 1956 posteriorem
760 1876 936 1949 inseramus,
969 1875 1024 1936 etsi
1047 1875 1107 1954 ipse
1131 1895 1185 1936 cur
1207 1877 1247 1935 ita

181 1978 251 2039 mibi
275 1979 440 2040 iaciendum
468 1998 532 2040 esse
562 1989 662 2059 putem
693 1977 822 2042 nescio'?
861 1978 965 2041 Credat
987 1978 1111 2039 Iudaeus
1132 1977 1246 2058 Apella!

181 2114 223 2125 —
245 2080 413 2151 Χ11121,5
438 2082 464 2142 Μ
500 2100 569 2161 prae
600 2101 631 2142 se
660 2085 715 2143 lert
734 2101 849 2163 possum
870 2083 940 2161 folii
960 2092 993 2143 ut
1013 2081 1160 2143 bemanus
1182 2101 1246 2143 eom

180 2202 238 2245 nort
270 2183 387 2256 bubere3
420 2202 479 2245 non
514 2193 592 2245 recta
625 2196 671 2247 est
703 2188 758 2248 ista
789 2187 942 2258 sententia,
976 2204 1072 2264 neque
1095 2203 1163 2245 vero
1187 2195 1246 2245 tam

182 2304 316 2365 perversa
355 2295 388 2347 ut
424 2287 519 2365 quivis
556 2288 750 2367 corruptelam
790 2289 942 2362 odoretur3
981 2307 1075 2366 neque
1112 2306 1143 2346 re
1181 2306 1247 2347 vora

181 2388 228 2459 A¹,
245 2389 324 2459 A²,c
358 2390 493 2452 odoratae
517 2398 599 2462 sunt,
628 2390 657 2450 in
681 2391 788 2469 quibus
811 2391 866 2453 ista
888 2392 949 2472 ipsa
974 2390 1060 2451 verba
1083 2399 1247 2450 servantur.

182 2490 238 2551 Sed
261 2491 316 2560 sac,
339 2491 464 2569 aliquem
490 2494 582 2555 multo
597 2501 664 2554 ante
680 2493 855 2573 llalaspinae
870 2503 994 2555 aetatem
1012 2510 1143 2554 errorem
1160 2492 1248 2552 intel-

180 2592 298 2654 lexisse:
314 2595 384 2672 quid
400 2593 470 2657 ittet
496 2598 533 2658 Ea
548 2597 578 2657 in
595 2598 661 2657 Ant.
678 2596 914 2676 interposuisset,
930 2615 1004 2674 quae
1019 2594 1110 2656 nihilo
1128 2595 1247 2655 meliora

182 2705 264 2758 sunt:
300 2707 331 2758 nt
353 2698 434 2760 home
457 2699 511 2760 aris
534 2719 597 2761 eom
619 2718 678 2761 reon
699 2700 812 2761 bebere.
858 2699 964 2777 Ecquis
994 2699 1032 2759 ita
1061 2715 1128 2757 eum
1153 2699 1248 2775 egisse

181 2797 303 2861 credat?
330 2835 370 2845 -·
401 2801 450 2862 XV
466 2801 516 2875 20,
535 2804 554 2862 4
577 2805 625 2865 sed
647 2805 678 2864 id
700 2822 737 2863 ec
756 2805 871 2882 praedis
898 2812 929 2862 ut
959 2802 1038 2863 cedet
1059 2804 1100 2862 itu
1123 2801 1249 2861 soluetur

182 2903 210 2963 in
240 2903 268 2963 M
295 2903 435 2983 scriptum
470 2905 634 2979 invenitur3
666 2907 697 2966 nl
724 2905 810 2984 paulo
838 2904 991 2966 obscurius
1018 2913 1064 2965 est
1090 2911 1119 2963 et
1147 2911 1246 2964 tamen

182 3024 264 3066 orror
289 3015 335 3068 est
362 3016 420 3067 tam
447 3008 625 3080 reconditus,
653 3019 686 3069 ut
708 3008 790 3069 facile
806 3008 892 3068 etiam
909 3007 1130 3086 prulleptiorem
1149 3007 1247 3067 bomi-

182 3126 249 3167 nem
274 3108 374 3188 lugiat.
420 3110 441 3169 F
475 3131 542 3172 vero
576 3111 645 3190 quid
679 3107 788 3171 habet?
822 3112 870 3171 secl
902 3110 964 3182 et*l
988 3129 1025 3171 em
1048 3109 1167 3171 ...r'tc
1189 3111 1247 3172 sol·
1277 3177 1281 3183 ,

181 3222 272 3272 vetur.
319 3210 515 3273 Ohominem
539 3213 724 3294 prudentem,
759 3212 810 3291 qui
844 3232 875 3273 ea
910 3212 1037 3291 corrigat
1065 3232 1139 3291 quae
1162 3233 1247 3292 aegre

181 3311 396 3392 intellegantur,
421 3314 449 3375 id
470 3314 635 3394 interpolet,
659 3317 736 3396 quotl
753 3335 789 3377 ne
805 3315 966 3394 aegerrime
982 3315 1100 3394 quidem
1117 3316 1247 3395 intellegi

182 3415 283 3493 possit.
309 3452 346 3458 —
370 3417 409 3477 lX
426 3418 490 3490 9,4
514 3419 639 3481 delitiune
662 3430 707 3481 est
730 3420 758 3479 in
783 3418 820 3489 bl,
843 3418 874 3478 in
897 3419 975 3490 Ant,
996 3418 1027 3491 F,
1051 3418 1145 3491 Card,
1169 3419 1246 3480 llatl.

182 3517 329 3578 delituum.
374 3519 482 3581 Neutra
505 3531 549 3582 est
573 3542 638 3584 vera
661 3522 761 3583 lectio:
796 3522 865 3600 quid
890 3540 958 3582 vero
980 3522 1016 3595 is
1043 3522 1094 3601 qui
1118 3523 1245 3584 deliciunt

182 3619 296 3694 delevit,
321 3621 458 3683 delituunt
480 3623 675 3704 interpolavit,
698 3623 728 3683 in
752 3625 850 3684 animo
873 3624 1010 3686 babuisse
1034 3623 1172 3687 videtur?
1203 3628 1246 3686 An

180 3721 209 3781 id
239 3723 395 3802 spectavit,
425 3735 471 3798 ut,
504 3725 528 3786 si
555 3726 621 3804 quis
646 3726 755 3787 maiore
778 3727 930 3807 prudentia
953 3737 1041 3808 atque
1064 3729 1106 3789 rei
1129 3729 1247 3790 criticae

180 3825 283 3902 peritia
307 3826 469 3888 instructus
491 3827 682 3901 inveniretur,
705 3849 740 3890 eo
760 3831 873 3891 facilius
888 3831 955 3893 Deli
967 3843 1048 3893 terrun
1064 3831 1247 3911 corrigeret?

181 3964 393 3974 ᾕ-

249 4042 272 4102 *l
292 4042 368 4094 ilecto
387 4059 417 4094 ex
436 4048 460 4094 ot
478 4059 513 4093 erc
531 4045 671 4111 Muluspina
690 4050 714 4095 oi
731 4063 765 4097 ore
784 4049 885 4099 videtur
905 4051 1061 4101 restituisse.
