2866 4626
559 250 870 315 —37—

183 431 271 490 tomis
293 429 314 502 l,
337 429 385 502 Ill,
410 429 460 489 llll
483 429 619 503 subiecit,
653 448 727 509 quae
753 449 808 489 nos
834 447 893 489 non
917 429 1107 508 negleximus,
1134 440 1164 492 et
1186 450 1245 492 non

182 533 279 594 nullos
303 551 417 594 errores
440 535 470 594 in
494 533 622 595 ‘Erratis’
645 532 780 594 correxit.

266 637 299 710 4)
324 635 482 698 Lambinus
509 656 568 716 quo
595 637 682 698 modo
713 639 810 716 ipsum
839 645 951 698 textum
980 635 1116 698 editionis
1139 637 1246 717 prioris

182 739 385 802 constituisset
407 759 513 820 magno
536 760 623 820 opere
645 741 786 801 intererat
808 738 897 811 scire3
924 740 1022 818 itaque
1045 759 1101 800 nos
1123 741 1245 802 eandem

181 843 336 917 rationem,
352 862 441 922 quam
456 844 486 904 in
503 863 519 904 c
534 845 710 924 exploranda
726 843 983 916 constitueramus,
1006 844 1099 906 secuti
1115 844 1244 924 primum

181 947 399 1026 inquisivimus,
422 948 500 1026 quod
516 949 664 1028 exemplar
679 948 839 1009 Lambinus
859 956 977 1008 secutus
998 957 1086 1009 esset:
1110 959 1243 1009 secutum

180 1050 422 1130 intellegebamus
434 1052 653 1132 stephanianam
664 1052 717 1130 (st)
726 1051 894 1123 editionem,
902 1070 976 1130 quac
988 1069 1065 1112 anno
1080 1053 1245 1112 1554-55

181 1154 303 1233 prodiit,
337 1174 372 1215 ex
401 1156 616 1235 typothetarum
648 1155 811 1227 erroribus,
845 1154 895 1233 qui
922 1174 959 1215 ne
986 1174 1022 1215 ex
1051 1164 1079 1216 st
1104 1155 1134 1214 in
1163 1174 1244 1216 suam

181 1257 339 1319 editionem
370 1259 411 1335 (Ι)
442 1259 602 1338 migrarent
624 1259 785 1320 Lambinus
818 1277 878 1318 non
912 1258 1072 1337 impedivit.
1118 1258 1181 1330 Qua
1215 1277 1246 1318 re

181 1362 327 1423 intellecta
354 1363 364 1421 l
391 1362 425 1422 de
455 1372 482 1423 st
510 1362 703 1434 detraximus,
738 1381 786 1422 eas
820 1350 972 1433 lectiones,
1005 1380 1079 1440 quae
1113 1361 1245 1422 residuae

181 1476 275 1538 erant,
309 1484 375 1525 cum
406 1465 532 1550 editione
554 1466 737 1544 hervagiana,
772 1485 845 1544 quae
868 1465 978 1545 prodiit
1001 1465 1128 1526 Basileae
1152 1465 1243 1536 1534,

181 1568 349 1642 victoriana,
372 1588 446 1648 quae
469 1569 577 1648 prodiit
600 1570 728 1631 Venetiis
754 1568 930 1640 roal-37,
965 1569 1147 1643 manutiana,
1169 1590 1244 1649 quae

180 1672 290 1753 prodiit
312 1672 440 1733 Venatiis
463 1691 539 1733 anno
565 1672 655 1745 1563,
679 1673 873 1746 contulimns;
903 1692 990 1751 quam
1015 1692 1076 1733 rem
1101 1692 1167 1734 cum
1191 1692 1242 1734 ex-

179 1776 373 1857 pedissemus‚
385 1776 462 1854 quod
476 1786 601 1855 quantae
613 1776 769 1856 patientiae
785 1785 871 1855 atque
884 1776 986 1854 quanti
1003 1777 1143 1856 temporis
1156 1778 1245 1838 luerit

180 1880 276 1959 quivis
298 1880 445 1959 intelleget
468 1881 517 1960 qui
541 1881 612 1941 tales
634 1899 682 1941 res
705 1880 805 1941 eadem
829 1879 942 1941 ratione
966 1880 1113 1953 tractabit,
1141 1899 1244 1941 omnes

179 2004 228 2045 eas
252 1984 401 2057 lectiones,
429 2002 501 2062 quas
521 1984 682 2044 Lambinus
701 1988 814 2063 primus
837 2002 870 2043 ex
894 1983 1055 2043 editoribus
1077 1984 1108 2043 in
1132 1991 1243 2044 textum

179 2088 303 2168 recepit,
337 2088 567 2149 examinavimus
597 2097 685 2166 atque
713 2088 784 2148 baec
813 2087 995 2147 invenimus:
1028 2087 1057 2165 a)
1080 2087 1112 2146 ln
1143 2087 1243 2148 ortho-

178 2190 324 2272 graphicis
348 2191 436 2252 rebus
453 2191 612 2253 Lambinus
637 2209 739 2270 magna
762 2190 921 2270 pertinacia
945 2209 1017 2250 usus
1040 2198 1101 2264 est3
1124 2190 1154 2250 in
1171 2190 1189 2250 l.
1206 2190 1244 2251 lll

179 2295 319 2357 omnibus
352 2295 424 2356 locis
451 2295 517 2357 Sica
550 2295 652 2357 scribit
685 2314 739 2375 pro
762 2294 851 2365 Sicco,
884 2294 962 2355 idem
996 2294 1026 2353 in
1054 2295 1072 2354 l.
1089 2294 1141 2355 Xll
1164 2294 1246 2356 Sicco

179 2409 291 2473 servat3
321 2399 423 2461 scribit
444 2399 584 2461 Scocoulo
606 2419 659 2479 pro
682 2399 827 2469 Scaevola,
851 2398 966 2460 Samius
988 2418 1041 2478 pro
1064 2397 1184 2472 Sestium
1213 2398 1243 2459 in

179 2502 377 2582 grammaticis
410 2503 498 2564 rebus
532 2503 632 2564 eadem
666 2522 727 2563 non
761 2520 923 2582 numquam
954 2501 1113 2581 pertinacia
1142 2503 1243 2575 utitur,

180 2607 287 2687 quippe
321 2606 371 2685 qui
404 2626 457 2687 pro
485 2625 543 2667 reon
569 2625 712 2686 quocum
738 2606 813 2667 coni.
837 2605 975 2666 omnibus
998 2604 1069 2666 locis
1091 2625 1150 2666 raon
1172 2605 1246 2684 qrtod

179 2720 277 2790 ponat,
306 2710 382 2771 idem
408 2719 485 2771 recte
508 2711 538 2770 in
562 2711 665 2771 diebus
688 2709 861 2770 definiendis
883 2708 1006 2788 primus,
1030 2720 1172 2787 quantum
1196 2709 1244 2768 in-

181 2816 256 2886 veni,
272 2833 306 2873 ex
324 2814 461 2874 omuibus
473 2814 578 2875 harum
596 2814 788 2893 epistularum
806 2812 965 2873 editoribus
977 2831 1031 2891 pro
1047 2812 1084 2872 od
1096 2811 1166 2872 XVl
1176 2811 1241 2872 Kal.

181 2918 223 2977 vel
246 2919 312 2978 sim.
336 2937 362 2978 o.
387 2918 414 2978 d.
439 2917 511 2978 XVl
530 2917 596 2979 Καὶ.
623 2918 653 2977 in
677 2927 789 2977 textum
813 2915 983 2977 introduxit.
1024 2900 1061 2992 b)
1083 2914 1244 2975 Lambinus

180 3021 208 3080 in
234 3031 313 3082 textu
339 3022 545 3083 constituendo
568 3031 595 3082 st
619 3021 761 3099 sequitur,
785 3020 905 3093 sedita,
930 3031 963 3080 ut
982 3038 1041 3079 non
1058 3020 1158 3098 paucis
1174 3019 1245 3079 locis

180 3125 318 3186 lectiones
342 3144 376 3185 ex
392 3124 572 3203 hervagiana,
596 3124 763 3196 victoriana,
787 3123 954 3184 manutiana
976 3122 1103 3183 editione
1118 3123 1243 3183 hauriat.

181 3231 207 3306 c)
232 3227 393 3288 Lambinus
427 3239 456 3288 et
489 3247 591 3289 eorum
626 3229 767 3300 virorum,
802 3247 876 3306 quos
909 3228 949 3313 ³¹²,
973 3226 1124 3307 prooemio
1154 3226 1244 3286 adno-

181 3332 324 3391 tationum
359 3330 458 3392 laudat
493 3330 596 3408 (‘Quae
630 3333 659 3391 iu
693 3331 739 3391 his
766 3331 801 3390 ad
824 3332 910 3391 Attio.
933 3330 1064 3410 epistolis
1092 3330 1243 3391 emendata

181 3444 259 3507 sunt,
284 3434 381 3495 omnia
405 3437 464 3495 fere
488 3434 519 3493 P.
536 3434 672 3508 Victoria,
696 3434 797 3495 Paullo
813 3434 953 3505 Manutio,
977 3434 1091 3494 Sebast.
1108 3433 1244 3503 Corrado,

181 3539 247 3598 hdr.
264 3538 412 3609 Turnebo,
438 3537 587 3598 Leouardo
603 3538 803 3618 blalaespinae‚
827 3547 857 3597 et
879 3536 1027 3598 codicibus
1050 3534 1243 3606 Me'mmianis,

180 3651 296 3721 accepta
329 3642 480 3702 referenda
514 3641 606 3719 sunt')
640 3652 669 3702 et
701 3641 766 3701 Err.
790 3641 940 3721 Stephani,
976 3639 1097 3719 Sigonii,
1131 3639 1243 3711 Faerni,

180 3747 303 3807 aliorum
338 3746 520 3806 coniecturas
554 3747 582 3805 in
617 3754 729 3807 textum
764 3745 884 3824 recepit.
930 3745 959 3816 d)
988 3742 1149 3804 Lambinus
1182 3742 1243 3822 ipse

181 3850 258 3910 haud
281 3850 381 3930 paucis
403 3850 473 3910 locis
495 3849 677 3910 coniecturas
693 3848 866 3927 excogitavit
881 3859 968 3927 atque
984 3847 1046 3909 sine
1062 3845 1243 3906 dubitatione

181 3953 274 4014 textui
297 3953 432 4015 obtrusit.
471 3958 498 4026 e)
521 3954 553 4013 ln
571 3953 808 4015 adnotationibus
824 3952 985 4013 Lambinus
1001 3951 1129 4011 rationes
1146 3958 1242 4010 textus

181 4057 334 4120 constituti
368 4058 499 4138 exponit,
540 4057 640 4119 multis
679 4076 747 4118 vero
780 4056 852 4117 locis
891 4055 1074 4117 coniecturas
1112 4061 1243 4134 receptas
