2866 4626
560 242 985 332 meo-m'

184 446 245 507 suis
269 446 427 520 codicibus,
451 447 547 507 minor
569 448 633 509 istis
653 446 827 508 lectionibus
850 446 921 506 fides
944 443 1077 506 habenda
1098 451 1153 516 est,
1177 461 1245 504 curn

185 560 242 610 tarn
259 550 422 630 impudenti
438 553 605 613 coniectura
621 550 766 630 inquinati
782 549 904 622 tuerint,
927 549 972 609 sin
986 549 1075 610 mue
1087 548 1248 610 Cratander

185 673 219 713 ex
243 673 304 720 suo
319 654 474 715 alteriusve
497 654 615 734 ingenio
637 653 755 726 addidit,
779 664 808 714 et
830 654 972 714 editorem
1000 650 1177 713 coniecturis
1200 650 1247 710 in-

185 756 308 818 dulsisse
331 777 425 837 ireque
448 758 585 819 omnibus
601 758 671 818 locis
687 766 785 819 utrum
808 757 829 817 C
852 775 887 817 ex
910 754 1059 816 codicibus
1081 774 1117 816 an
1142 774 1179 814 ex
1200 755 1246 814 in-

184 861 268 938 genio
291 860 412 922 alicuius
436 861 513 922 docti
533 862 587 922 viri
609 863 812 941 proficiscatur
831 859 990 920 internosci
1006 878 1093 939 posse
1116 867 1246 938 apparet.

185 967 220 1024 tt
244 964 317 1038 vide,
340 983 426 1043 quarn
444 965 527 1026 aliter
550 984 596 1026 res
620 984 683 1026 sese
706 965 819 1025 babeat.
860 965 873 1024 1
895 963 1020 1025 enimP.
1044 973 1126 1025 tento
1149 961 1245 1035 habet,

183 1068 219 1129 Α1
245 1087 312 1129 vero
336 1079 369 1129 ut
392 1068 507 1148 saepius
530 1069 697 1131 coniectura
724 1069 822 1129 locum
850 1068 1005 1129 restituere
1031 1076 1135 1127 conata
1159 1065 1248 1127 niue

182 1182 262 1232 tento
294 1171 323 1232 in
359 1180 439 1232 textu
472 1173 584 1252 posuit,
618 1173 655 1233 A‘
689 1172 724 1232 ad
751 1172 904 1251 pristinam
933 1171 1086 1232 tectionem
1111 1168 1143 1230 P.
1167 1179 1247 1230 tuoto

183 1274 277 1347 rediit,
312 1275 361 1337 sed
386 1275 473 1337 Pbdet
506 1275 535 1337 in
571 1277 700 1355 margine
730 1276 838 1356 posuit,
872 1275 1029 1337 Cratander
1060 1272 1187 1353 denique
1209 1272 1246 1333 A²

182 1378 335 1458 expressit,
358 1378 377 1439 i.
394 1398 418 1439 e.
443 1389 472 1440 et
488 1379 518 1440 P.
542 1391 623 1442 tantu
646 1380 675 1440 in
698 1389 779 1441 textu
803 1379 889 1440 babet
911 1389 941 1440 et
955 1378 1046 1441 Pudet
1067 1377 1097 1438 in
1115 1377 1246 1456 margine

182 1482 320 1543 servavit:
345 1484 442 1563 itaque
466 1484 487 1546 C
509 1483 590 1545 omni
613 1485 667 1545 ista
691 1483 859 1564 suspicione
881 1483 1028 1544 liberanda
1058 1490 1178 1561 totaque
1200 1500 1247 1542 res

181 1585 218 1645 Α1
242 1585 397 1648 tribuenda
419 1596 473 1648 est.

266 1689 346 1762 Quae
368 1709 415 1752 res
438 1710 504 1752 cum
528 1690 567 1751 ita
591 1690 638 1763 sit,
662 1701 739 1752 recte
763 1691 835 1752 mibi
858 1690 965 1753 dixisse
985 1690 1094 1765 videor,
1119 1689 1246 1751 maxima

183 1812 256 1873 opus
279 1813 344 1855 esse
368 1794 501 1856 cautione
524 1794 591 1854 inC
614 1794 786 1856 adhibendis
809 1795 932 1875 nequid
955 1814 1008 1857 nos
1031 1795 1123 1856 fallat:
1148 1794 1247 1874 itaque

181 1916 249 1957 curn
283 1907 312 1958 ct
341 1897 397 1958 ΑΗ
428 1917 488 1958 non
522 1916 684 1976 numquam
718 1899 749 1958 in
784 1898 913 1978 margine
946 1898 1086 1960 lectiones
1120 1898 1248 1959 babeant

181 2001 328 2081 appositas
361 2021 488 2081 cumque
511 2001 668 2062 Cratander
690 2001 727 2061 Μ
757 2003 935 2083 expressisse
964 2011 993 2063 et
1015 2002 1051 2062 Α1
1083 2001 1247 2082 inspexisse

182 2123 239 2165 non
270 2105 357 2166 nullis
380 2105 451 2166 locis
474 2104 615 2176 videatur,
649 2105 787 2167 omnibus
809 2107 880 2168 locis
903 2106 1059 2168 videndum
1083 2115 1137 2179 est,
1172 2123 1246 2167 num

181 2206 260 2269 Cex
282 2209 316 2268 Α]
342 2218 370 2270 et
393 2209 430 2269 A'
459 2211 588 2288 protecta
619 2208 671 2282 sit;
698 2209 838 2284 xt17,1
863 2211 979 2290 quidem
1004 2218 1056 2271 aut
1078 2210 1099 2271 C
1122 2208 1246 2271 omnino

180 2311 356 2392 neglegenda
379 2321 424 2374 est
446 2320 497 2373 aut
520 2310 652 2390 mogo,
668 2312 698 2373 C'
720 2314 888 2394 ponendum
912 2325 966 2376 est.

265 2415 406 2477 Accurate
455 2415 541 2477 etiam
594 2415 752 2476 videndum
801 2425 859 2491 est,
909 2436 981 2479 num
1027 2417 1049 2478 C
1093 2436 1160 2478 cum
1208 2418 1246 2477 Al

179 2518 359 2593 consentiat3
395 2520 419 2581 si
452 2519 610 2591 consentit,
644 2538 704 2581 non
739 2521 772 2591 C,
807 2520 857 2581 sed
892 2519 956 2581 A²G
988 2521 1159 2601 ponendum
1191 2532 1246 2594 est,

179 2623 257 2701 quod
282 2623 444 2684 rationibus
467 2623 543 2683 effici
574 2623 783 2703 diiudicarique
814 2643 872 2686 non
901 2634 1013 2706 potest,
1049 2633 1148 2686 utrum
1172 2626 1241 2686 Cra·

180 2725 283 2786 tander
315 2745 379 2787 eam
413 2725 569 2787 lectionem
599 2727 619 2787 C
647 2746 682 2787 ex
709 2726 858 2788 codicibus
893 2747 930 2789 au
963 2748 997 2789 ex
1030 2729 1066 2789 Α1
1102 2729 1243 2790 hauserit.

178 2829 363 2908 Quamquam
387 2848 440 2891 nos
463 2830 624 2903 credimus,
648 2827 795 2889 rarissime
818 2827 839 2888 C
866 2847 901 2888 ex
923 2829 959 2891 dl
984 2834 1145 2911 profectam
1169 2851 1243 2906 esse,

179 2932 256 3011 quod
279 2932 426 3012 plerisque
448 2933 535 3005 locis,
569 2932 677 3012 quibus
700 2932 811 2993 Coum
835 2932 870 2990 Α1
895 2934 1054 3008 consentit,
1077 2936 1153 2997 d¹C
1176 2955 1243 2998 vera

177 3034 264 3096 lectio
286 3044 336 3096 aut
359 3034 507 3096 codicibus
530 3035 650 3114 probata
673 3042 730 3095 est:
759 3033 836 3113 quod
865 3032 889 3093 si
912 3034 933 3095 G
955 3034 1089 3114 pluribus
1112 3035 1186 3096 locis
1209 3054 1243 3096 ex

178 3139 214 3199 Α1
247 3139 349 3200 hausta
383 3146 473 3211 esset,
507 3139 623 3219 saepius
655 3137 820 3210 accidisset,
855 3144 888 3197 ut
910 3136 931 3197 C
954 3155 1020 3198 cum
1045 3136 1080 3197 Α1
1105 3157 1243 3218 perversa

177 3242 301 3303 lectione
329 3242 516 3304 consentiret.
562 3242 574 3303 1
597 3242 721 3320 denique
745 3239 904 3301 Cratandro
927 3250 1044 3319 praesto
1067 3240 1159 3303 tuisse
1183 3261 1241 3304 non

177 3345 339 3420 credimus3
372 3365 467 3426 neque
500 3345 578 3406 enirn
613 3345 710 3407 locum
745 3363 809 3405 esse
842 3351 991 3424 putamus,
1026 3344 1105 3405 unde
1129 3345 1150 3407 C
1174 3346 1243 3407 exl

180 3458 274 3511 ortam
299 3469 362 3511 esse
386 3459 531 3531 appareat.

264 3548 315 3610 His
330 3549 420 3628 igitur
442 3549 549 3610 locisC
573 3549 695 3609 minoris
717 3551 898 3612 aestimanda
915 3560 967 3623 est,
992 3552 1070 3631 quod
1093 3551 1242 3614 incertum

178 3661 223 3713 est
245 3662 344 3714 utrum
367 3651 560 3714 CratanderC
583 3671 618 3712 ex
641 3653 702 3713 suis
725 3654 873 3715 codicibus
900 3673 938 3714 an
961 3674 996 3715 ex
1018 3654 1072 3714 ΑΗ
1096 3655 1242 3717 hauserit:

263 3757 274 3816 Ι
293 3759 319 3830 1,
339 3758 354 3816 1
378 3761 419 3818 itu
434 3755 570 3836 putridum
583 3773 664 3836 spero
680 3755 702 3826 Ι,
718 3757 764 3831 ΑΙ,
781 3753 850 3834 G*]:
873 3762 914 3819 itu
929 3758 1041 3839 quidem
1055 3777 1136 3838 spero
1152 3759 1202 3834 M,
1218 3779 1243 3821 c.

177 3920 389 3928 ——--·-—-—

247 4010 270 4073 *)
288 4011 342 4077 lpse
361 4027 403 4060 res
422 4008 492 4075 fecit,
512 4018 540 4060 ut
559 4012 630 4076 plura
650 4011 729 4062 verba
748 4012 873 4076 adieram,
897 4028 969 4079 quam
988 4028 1016 4062 re
1039 4028 1100 4064 vere
1118 4014 1145 4063 iu
1166 4014 1186 4064 C
1205 4017 1246 4066 iu·

179 4092 331 4158 veniuntur3
350 4093 416 4159 quod
435 4092 484 4143 nisi
502 4090 621 4158 facerem,
640 4095 691 4144 toci
710 4111 723 4144 a
743 4111 782 4146 mo
800 4095 875 4145 ulleti
894 4111 943 4144 uon
957 4092 1035 4146 iecile
1054 4097 1246 4163 reperirentur.
