2866 4626
637 269 973 331 -198—

272 449 379 510 Utrum
417 457 506 528 eqeret
544 466 579 506 an
618 450 705 525 operit
742 447 771 505 in
805 445 832 506 X
865 446 963 518 luerit,
1002 445 1125 506 dubiunr
1164 456 1210 507 est
1248 466 1345 526 noque

272 551 426 613 diiudicari
448 558 554 630 potest,
583 558 739 628 antequam
771 558 851 610 totus
880 549 961 610 locus
989 551 1143 629 expeditus
1167 562 1217 611 est.
1266 551 1344 625 Quid

271 674 341 716 vero
375 653 563 715 scribendum
596 652 634 713 sit
662 653 706 712 vel
734 653 832 733 potius
861 671 920 732 quo
951 653 1038 714 modo
1061 653 1149 713 verba
1173 654 1343 733 explicanda

271 759 341 832 sint,
380 776 460 818 nunc
490 757 650 817 obscurum
682 764 727 816 est
760 760 927 835 frustraque
959 759 988 816 in
1024 776 1056 816 ea
1091 776 1121 816 re
1151 758 1283 818 Muretus
1315 768 1344 818 et

273 861 432 943 Tyrrellius
467 868 497 921 et
529 859 690 938 Madvigius
729 860 924 921 elaborarunt.
981 859 1040 920 Nos
1074 859 1164 938 igitur
1201 860 1343 940 primum,

273 984 331 1025 non
356 965 426 1044 quid
450 963 551 1024 Cicero
574 963 733 1043 scripserit,
769 964 819 1024 sed
854 963 948 1042 qualis
982 963 1046 1024 eius
1075 964 1221 1024 sententia
1245 963 1343 1035 luerit,

271 1067 478 1148 exponendum
507 1086 570 1127 esse
599 1077 748 1147 putamus.
793 1065 835 1126 Ex
862 1067 991 1146 equidem
1013 1075 1042 1128 et
1064 1067 1114 1128 sed
1135 1075 1232 1127 tomen
1254 1066 1345 1128 occulto

271 1177 367 1234 mium
390 1171 489 1233 laboro
511 1170 657 1232 contrarie
679 1169 783 1250 positis
800 1169 972 1244 conicimus,
995 1170 1066 1231 haec
1087 1174 1148 1230 tere
1172 1169 1344 1231 Ciceronem

273 1275 413 1337 sensisse:
446 1273 602 1353 ‘Quicquid
625 1273 755 1346 Quintus
785 1278 884 1345 trater,
918 1273 943 1333 si
967 1292 1034 1335 eum
1062 1272 1232 1354 provinciae
1259 1291 1346 1353 prae·

272 1379 419 1450 iecissem,
443 1377 559 1456 egisset,
583 1396 635 1455 ego
658 1385 806 1456 praestare
829 1376 1011 1450 debuissem3
1033 1375 1131 1454 itaque
1154 1376 1346 1437 veliementer

273 1482 304 1543 iu
328 1501 360 1543 ea
384 1500 416 1542 re
438 1480 628 1542 laborassem.
673 1479 759 1540 Nuuo
781 1498 850 1540 vero
873 1479 1003 1541 Caelium
1026 1479 1146 1558 reliqui3
1173 1479 1202 1538 in
1228 1497 1297 1558 quo,
1321 1479 1346 1539 si

273 1586 343 1665 quid
368 1583 467 1645 minus
490 1592 569 1644 recte
591 1583 670 1656 lacit,
704 1602 764 1644 non
793 1584 857 1644 dico
887 1582 1023 1662 equidem
1057 1584 1126 1663 qm'd
1152 1584 1182 1645 id
1211 1583 1249 1644 od
1280 1579 1346 1644 me?

274 1689 318 1749 vel
351 1686 424 1749 nibil
460 1691 575 1748 omniuo
611 1703 697 1758 curo,
731 1687 781 1747 sed
816 1695 916 1748 tamen
957 1686 1051 1748 multo
1090 1686 1189 1748 minus
1226 1685 1345 1748 laboro’.
1373 1732 1378 1746 .

275 1791 374 1852 Talem
398 1789 489 1868 igitur
511 1807 632 1850 sensum
656 1798 707 1851 aut
737 1792 931 1871 explicatione
954 1799 1005 1851 ant
1027 1789 1235 1851 emendatione
1257 1788 1346 1850 resti·

274 1894 417 1956 tuendum
431 1912 495 1954 esse
512 1901 642 1973 apparet.
678 1893 779 1974 Neque
795 1914 849 1956 nos
872 1894 908 1955 ad
932 1895 1167 1956 emendationem
1184 1898 1345 1973 confugere

275 1997 485 2069 dubitaremus,
519 1996 576 2057 nisi
611 1995 781 2059 Ciceronem
820 2017 902 2059 more
940 2017 994 2058 sno
1032 2016 1148 2059 versum
1183 2000 1343 2078 quendam,

274 2099 325 2179 qui
334 2098 481 2180 proverbii
492 2099 551 2160 vim
565 2108 700 2172 traxerat,
717 2101 851 2181 pluribus
867 2101 937 2163 locis
950 2103 1063 2162 adferre
1075 2101 1260 2178 videremus3
1276 2122 1344 2164 nam

274 2203 323 2263 hio
351 2212 395 2263 est
426 2220 490 2263 mos
513 2201 671 2277 Ciceronis,
706 2215 740 2266 ut
761 2213 791 2265 et
813 2205 842 2265 in
871 2205 966 2285 ipsius
994 2204 1125 2267 oratione
1156 2223 1188 2266 ea
1220 2207 1346 2280 omittat,

274 2324 349 2385 quae
372 2306 466 2384 quivis
490 2306 627 2387 supplere
654 2317 779 2388 poterat,
814 2316 843 2368 et
876 2307 1029 2388 proverbia
1058 2325 1219 2386 versusque
1248 2308 1346 2388 potius

274 2409 400 2488 stringat
415 2428 503 2488 quam
525 2410 699 2471 adverbum
720 2411 832 2472 reddat.
860 2412 955 2483 Quem
973 2429 1041 2471 vero
1059 2428 1175 2471 versum
1200 2410 1346 2490 respiciat,

276 2533 312 2573 ex
327 2513 383 2573 hoo
399 2513 463 2574 loco
479 2522 614 2594 apparet3
630 2533 698 2576 nam
715 2515 744 2575 in
758 2515 844 2576 Tusc.
857 2515 896 2575 lll
912 2517 928 2589 ξ
942 2513 981 2574 50
998 2514 1070 2574 haec
1082 2512 1196 2574 scribit:
1210 2516 1270 2593 Epo
1284 2533 1346 2576 sum

276 2619 300 2678 τέ
319 2620 369 2696 qui
389 2616 482 2678 dicem
504 2636 548 2678 me
574 2636 633 2679 rem
655 2618 802 2692 roborare
825 2629 921 2679 ortum
942 2617 1118 2687 debitorum,
1140 2618 1214 2695 quod
1229 2622 1345 2696 operior.

276 2718 468 2798 Perspicuum
505 2728 559 2792 est,
593 2729 623 2781 et
654 2721 740 2781 verba
769 2721 925 2799 utriusque
952 2720 1008 2781 looi
1036 2737 1198 2798 congruere
1225 2728 1256 2780 et
1278 2737 1346 2780 sen-

276 2821 398 2883 tentiam
423 2822 510 2902 plane
532 2823 715 2903 conspirare,
742 2843 810 2884 nam
835 2825 934 2886 laboro
956 2832 986 2884 et
1008 2824 1083 2903 qood
1105 2826 1213 2902 eqerr'nt
1235 2823 1345 2903 (eqerr't)

278 2934 403 3004 utroque
425 2925 490 2986 loco
512 2925 671 3001 invenitur,
700 2926 831 3006 itemque
860 2937 986 3006 utroque
1013 2927 1077 2987 loco
1103 2925 1152 2986 bic
1173 2935 1220 2987 est
1241 2944 1345 2987 sensus

278 3028 373 3109 ‘plane
395 3047 458 3089 rem
482 3047 542 3089 non
566 3028 656 3090 curo'.
701 3030 740 3093 Ut
761 3049 830 3092 vero
854 3049 970 3092 versum
999 3029 1090 3090 luisse
1117 3038 1230 3109 putem,
1260 3030 1345 3092 rerba

278 3132 402 3194 suadent
430 3140 510 3193 recte
537 3132 669 3193 cadentia
692 3136 767 3214 quod
794 3138 881 3215 eqerr't
907 3134 937 3194 r'd
963 3144 1059 3195 ortum
1085 3132 1207 3205 babeb03
1244 3152 1260 3193 a
1288 3151 1345 3212 quo

278 3255 362 3297 versu
387 3236 541 3297 laborandi
560 3237 681 3297 verbum
699 3256 759 3299 uon
775 3237 883 3299 afuisse
899 3246 1028 3318 apparet,
1051 3255 1147 3316 neque
1163 3254 1232 3297 vero
1248 3236 1343 3316 ipsum

278 3358 396 3401 versum
420 3338 577 3402 restituere
600 3358 750 3414 conamur,
775 3342 852 3421 quod
876 3360 969 3420 nugas
991 3359 1075 3419 agere
1098 3341 1249 3401 nolumus.
1288 3340 1344 3400 lam

279 3444 303 3504 si
317 3444 418 3504 Cicero
435 3441 550 3504 duobus
566 3443 636 3504 locis
653 3445 839 3524 proverbium
853 3446 946 3506 adfert
961 3454 991 3505 et
1006 3445 1096 3506 altero
1112 3443 1232 3523 quidem
1250 3444 1298 3518 ita,
1316 3453 1346 3505 ut

280 3546 409 3608 Atticum
431 3564 518 3624 quem
539 3566 657 3609 versum
678 3547 815 3628 respiciat
834 3549 1052 3611 intellecturum
1071 3547 1218 3628 opinetur,
1240 3549 1345 3610 rectius

278 3651 351 3711 haec
373 3649 610 3729 explicabuntur:
649 3652 683 3712 ad
717 3653 787 3712 lam.
815 3651 878 3712 XVl
902 3651 988 3724 tta
1018 3663 1087 3731 poto
1118 3661 1275 3732 utrumque
1307 3658 1347 3725 let

279 3753 403 3814 Balbum
420 3760 450 3813 et
465 3751 607 3829 Hirtium)
631 3755 668 3815 od
690 3773 790 3834 oquae.
817 3753 874 3816 Sed
889 3757 963 3836 qood
978 3760 1086 3836 eqeriot
1100 3775 1158 3830 —3
1180 3756 1254 3817 falso
1270 3756 1346 3817 enim

279 3875 362 3918 nunc
386 3857 454 3938 quid
475 3861 582 3936 aperiret
603 3875 638 3915 ex
661 3857 784 3918 vetustis
807 3858 985 3920 editionibus
1008 3858 1149 3940 recipitur
1176 3868 1206 3920 et
1235 3860 1347 3923 scribito

283 3960 481 4041 supplendum
506 3978 570 4022 esse
601 3958 761 4033 conicitur3
795 3979 861 4022 nam
897 3971 927 4022 et
959 3961 1015 4024 Sed
1049 3962 1084 4023 ab
1117 3963 1172 4023 lrao
1203 3963 1347 4024 sententia

283 4063 421 4124 abhorret
436 4063 559 4134 scribito,
576 4064 644 4142 quid
659 4068 765 4142 eqerr'rrt
782 4073 810 4124 et
825 4066 900 4143 quod
915 4070 1031 4144 aperior,
1047 4062 1098 4145 <id
1112 4075 1209 4126 aetram
1219 4060 1345 4147 debebo>
