2866 4626
637 287 971 348 —142-

270 485 330 527 non
353 465 569 544 intellegebant,
593 484 657 525 earn
680 464 836 524 lectionem
858 463 1012 543 recepisse,
1036 482 1110 541 quac
1127 461 1219 522 nibilo
1237 461 1340 520 melior

270 566 354 630 erat?
388 604 430 611 —-
464 568 512 628 Vll
534 566 562 641 8,
584 569 617 627 t:
651 571 703 629 etsi
734 567 805 628 mibi
842 563 935 638 ξυνὸς
958 561 1127 637 Ἐνυάλιος
1166 565 1340 626 occurrebat.

272 669 366 744 ξυνὸς
388 669 538 743 ἐνυάλιος
562 672 595 733 C:
636 663 739 741 ὕπνος
765 665 909 751 νήδυμος
932 670 974 730 M²
997 671 1027 729 in
1052 669 1193 749 margine.
1233 670 1275 728 ‘ln
1300 667 1339 727 Μ1

270 776 383 856 primae
399 776 472 835 duae
488 775 602 836 litterae
618 774 744 834 discerni
760 783 922 852 nequeunt,
947 774 996 834 sed
1017 773 1142 834 alterum
1166 772 1339 833 vocabulum

271 881 339 939 EN
346 881 403 939 YA
411 882 444 939 N
449 877 509 939 OC
530 878 615 956 (AN
633 897 686 957 pro
714 882 785 938 ΑΛ
793 877 824 957 1)
848 878 882 937 de
905 878 1027 939 veritate
1052 886 1187 957 receptae
1206 875 1340 936 lectionis

272 981 405 1042 dubitare
429 1000 488 1042 non
512 981 590 1042 sinit'
607 981 740 1042 Baiterus
764 981 898 1056 adnotat3
922 981 946 1040 R
971 978 1340 1051 ZYNOCENYAnot‘,

272 1085 294 1144 P
314 1082 685 1164 §INOCEN(?)YAIOC.
703 1119 740 1128 -
760 1084 854 1157 v118,
872 1085 904 1145 5:
927 1096 967 1146 est
982 1089 1056 1145 enim
1074 1080 1229 1164 ἄμορφον
1252 1077 1341 1145 ἀντι-

272 1186 531 1269 πολιτευομένου
560 1186 799 1270 χρεωφειλέτην
827 1207 893 1250 esse.
945 1188 966 1248 G
994 1170 1339 1266 ἀντιπολιτευομένου

272 1292 300 1352 Μ
337 1290 903 1364 AHTIIOAEYTETOMENOK
939 1291 964 1351 R
1003 1293 1341 1353 ANTIIIOAEITE-

277 1394 501 1465 ΤΟΩΕΗΟΥ,
536 1395 558 1454 Ρ
585 1395 1142 1458 ΑΝΤΙΠΟΛΕΙΤΕΤΟΩΕΝΟΥ.
1179 1428 1221 1435 -
1251 1392 1340 1453 Plane

272 1501 370 1561 iocosa
393 1509 439 1561 est
461 1498 568 1560 solutio
591 1499 654 1559 eius
677 1498 859 1577 aenigmatis,
888 1499 965 1579 quod
990 1508 1035 1559 est
1056 1498 1096 1558 lX
1112 1497 1141 1570 4,
1158 1496 1191 1572 23
1224 1498 1260 1557 de
1284 1516 1341 1577 quo

273 1604 337 1664 loco
359 1622 427 1664 cum
444 1621 499 1664 nos
515 1612 545 1663 et
567 1602 661 1662 diuet
677 1604 785 1663 lrustra
802 1602 1042 1682 quaesiverimus,
1066 1620 1101 1662 ex
1116 1621 1132 1662 c
1150 1610 1180 1661 et
1192 1601 1342 1662 codicibus

277 1706 486 1779 intelleximus,
510 1714 539 1766 et
561 1725 648 1784 quam
673 1705 764 1766 facilis
787 1706 825 1767 sit
848 1726 930 1767 error
952 1717 982 1767 et
1004 1713 1113 1784 quanto
1137 1723 1226 1784 opere
1249 1723 1305 1766 nos
1328 1724 1341 1765 a

274 1829 342 1871 vera
364 1810 489 1871 lectione
512 1808 723 1871 aberrarimus:

359 1913 397 1973 lX
414 1913 442 1986 4,
459 1912 523 1973 2M
546 1913 633 1974 babet
656 1913 686 1973 εἰ
708 1915 860 1994 μενετέον
882 1910 918 1974 ἐν
939 1914 977 2001 τῇ
1000 1909 1139 1992 πατρίδι
1163 1932 1341 1992 τυραννου-

274 2018 372 2097 μένης
405 2013 439 2076 δ’
473 2011 571 2103 αὐτῇς
605 2015 635 2076 εἰ
669 2015 768 2078 παντὶ
799 2012 911 2098 τρόπῳ
939 2013 1132 2095 τυραννίδος
1160 2010 1343 2075 κατάλυσιν

274 2139 426 2200 πρατεον,
461 2115 521 2180 κάν
548 2115 646 2201 μέλλη
677 2116 736 2179 δια
762 2121 857 2180 τοῦτο
887 2116 964 2200 περὶ
991 2118 1056 2180 τῶν
1083 2112 1169 2179 ὅλων
1197 2111 1216 2198 ἡ
1245 2113 1343 2188 πόλις

273 2219 506 2284 κινδυνεύσειν.
551 2222 640 2282 Recte
664 2221 706 2281 vir
730 2221 848 2300 quidam
873 2223 986 2296 doctus,
1021 2222 1178 2294 Manutius,
1203 2230 1237 2281 ut
1260 2231 1340 2300 puto,

274 2334 326 2388 aut
348 2324 504 2399 Victorius
536 2322 674 2404 πατρίδι
704 2326 960 2407 τυραννουμένης
990 2323 1021 2386 δ’
1053 2320 1151 2405 αὐτῆς
1178 2341 1240 2383 non
1264 2331 1341 2383 recte

275 2447 306 2489 se
324 2428 431 2489 habere
449 2428 605 2501 intellexit;
629 2429 706 2488 idem
723 2447 790 2489 curn
814 2428 888 2490 nihil
911 2448 975 2489 esse
999 2429 1174 2488 mutandum
1199 2427 1340 2499 crederet,

274 2531 433 2593 orationem
470 2531 549 2591 biare
578 2531 691 2611 putavit
719 2541 805 2611 atque
833 2533 1073 2613 τυραννουμένη
1104 2539 1171 2611 post
1202 2527 1341 2612 πατρίδι

274 2634 410 2696 inseruit.
445 2634 525 2706 Quae
540 2634 709 2699 coniectura
726 2643 758 2697 ut
781 2644 826 2695 est
849 2634 919 2696 satis
943 2635 1034 2695 facilis
1056 2634 1096 2694 ita
1119 2633 1243 2694 minime
1263 2642 1342 2712 apta:

274 2738 383 2799 rectius
408 2747 485 2799 esset
508 2739 781 2821 τυραννησομένη,
805 2748 837 2800 ιιι
859 2758 906 2799 res
922 2737 1067 2799 contraria
1084 2737 1342 2818 τυραννουμένης

275 2840 295 2902 d
303 2842 310 2868 '
334 2837 432 2923 αὐτῆς
455 2841 552 2920 aptius
581 2842 730 2916 evaderet3
757 2862 937 2922 quamquam
961 2862 998 2902 ne
1025 2841 1095 2902 illud
1125 2840 1244 2920 quidem
1276 2859 1341 2901 sen-

277 2945 384 3006 tentiae
418 2946 488 3006 satis
522 2946 603 3006 facit:
638 2963 705 3006 nam
740 2947 873 3025 quisquis
903 2947 973 3006 istas
1002 2945 1074 3006 duas
1104 2944 1343 3023 quaestiunculas

277 3055 358 3109 ‘num
383 3049 411 3109 in
435 3049 527 3129 patria
552 3049 731 3110 manendum
755 3051 801 3123 sit,
825 3068 891 3110 cum
908 3049 1072 3128 periculum
1089 3049 1128 3108 sit
1145 3067 1183 3108 ne
1199 3056 1343 3127 tyrannus

277 3152 407 3213 exsistat'
430 3164 460 3213 et
483 3158 561 3213 ‘num
587 3153 718 3232 tyrannis
734 3152 855 3214 delenda
871 3153 916 3214 sit'
932 3153 971 3214 ita
988 3151 1147 3230 coniungit,
1171 3161 1205 3212 ut
1226 3148 1342 3211 ‘autern’

275 3256 431 3337 posteriori
460 3257 581 3330 inserat,
616 3257 672 3318 boo
695 3257 781 3316 modo
805 3257 932 3318 scribere
957 3257 1042 3318 debet
1064 3257 1134 3317 ‘sive
1156 3266 1257 3315 autem
1282 3273 1344 3313 ma-

276 3359 360 3421 nebis
394 3360 454 3420 sive
487 3380 547 3420 non
582 3359 731 3421 manebis’.
777 3381 792 3421 c
820 3380 887 3422 vero
917 3372 1008 3423 totam
1031 3358 1245 3420 dubitationem
1270 3357 1345 3418 tollit

275 3465 374 3543 itaque
408 3463 479 3524 istas
513 3465 674 3526 sententias
710 3464 811 3526 scribit
846 3465 876 3526 εἰ
902 3467 1051 3546 μενετέον
1079 3461 1113 3523 ἓν
1139 3462 1177 3547 τῇ
1205 3457 1344 3542 πατρίδι

275 3568 534 3649 τυραννουμένης
568 3565 631 3650 [δέ]
668 3564 778 3650 αὐτῆς;
813 3569 843 3628 εἰ
878 3568 977 3630 παντὶ
1009 3564 1121 3647 τράπηι
1149 3561 1346 3647 τυραννίδος

277 3668 455 3732 κατάλυσιν
491 3673 757 3751 πραγματευτέον
780 3694 853 3745 ...3
888 3691 954 3732 narn
989 3669 1130 3752 particula
1160 3666 1193 3729 d'
1228 3668 1272 3728 vel
1310 3663 1347 3728 δὲ

277 3772 326 3850 (δὲ
349 3776 428 3834 enim
453 3774 562 3834 babent
584 3773 653 3852 All)
676 3774 789 3836 sublata
819 3788 898 3837 recte
925 3774 1070 3836 sententia
1093 3773 1226 3853 procedit
1250 3790 1347 3851 neque

277 3879 427 3956 genetivus
456 3879 607 3939 absolutus
630 3897 646 3938 a
669 3878 777 3939 Graeca
800 3878 931 3940 oratione
954 3878 1066 3938 alienus
1090 3889 1144 3938 est.
1190 3871 1251 3954 R*)
1274 3877 1348 3936 baec

355 4100 379 4162 *l
397 4100 491 4151 lterum
519 4103 586 4167 dico,
616 4120 663 4150 non
689 4102 775 4150 nullae
804 4101 918 4152 Graecae
944 4103 1049 4152 litterae
1073 4104 1097 4150 in
1117 4099 1189 4150 llllP
1213 4101 1272 4166 quid
1299 4100 1349 4150 sibi
