2866 4626
543 280 880 344 -130--

180 479 296 520 manam
324 458 471 521 Ciceronis
505 458 660 520 lectionem
697 459 771 519 banc
803 477 877 532 esse,
912 458 1005 521 Redeo
1038 459 1076 520 ad
1107 458 1247 529 Batenos,

178 565 275 635 eltnae,
303 562 459 644 Vaaqa'oaes
475 608 481 622 .
499 608 506 623 .
524 562 544 622 .'
582 561 617 622 Et
640 562 807 623 coniectura
830 562 886 622 ista
908 570 937 622 et
960 581 992 622 ea
1016 581 1089 640 quae
1113 581 1248 642 sequun-

179 677 229 728 tur
262 666 372 727 nemini
399 666 565 747 placebunt,
597 666 675 746 quod
703 665 747 727 vir
774 665 908 744 egregius
931 665 1000 745 quid
1025 665 1158 727 Ciceroni
1180 685 1246 727 eam

179 790 223 851 ep.
248 770 387 832 scribenti
409 770 439 830 in
464 770 562 832 animo
583 770 671 831 fuerit
686 789 747 831 non
765 769 918 850 perspicit:
942 769 1013 830 illud
1031 789 1099 830 vero
1115 779 1247 850 apparet,

177 873 265 954 paulo
298 882 365 935 ante
399 892 486 953 quam
522 875 592 934 baec
625 873 731 952 scripta
760 883 831 935 sunt
854 893 918 954 epp.
942 874 978 934 ad
1000 874 1131 935 Atticum
1157 893 1247 935 manu

179 979 303 1059 scriptas
336 999 351 1039 a
386 977 527 1040 Sichardo
561 978 590 1038 in
624 977 797 1039 bibliotheca
827 977 1079 1039 Laurisheimensi
1111 976 1247 1038 inventas

178 1089 265 1160 atque
298 1081 385 1141 beato
420 1081 541 1142 traditas
575 1100 648 1141 esse.
692 1080 792 1152 Qualis
827 1080 882 1142 iste
917 1081 980 1142 cad.
1003 1080 1102 1154 fuerit,
1133 1099 1169 1141 ex
1192 1080 1247 1140 hoc

179 1184 243 1246 loco
272 1202 332 1245 non
360 1184 548 1265 perspicitur,
581 1184 658 1264 quod
682 1184 813 1265 plerique
836 1185 919 1245 codd.
944 1184 1029 1246 verba
1059 1184 1163 1245 codem
1188 1186 1248 1244 fere

179 1288 267 1348 modo
291 1288 397 1367 scripta
422 1288 543 1348 habent:
567 1287 595 1348 Μ
617 1288 739 1349 tebassos
761 1307 856 1349 saevas
872 1287 927 1367 (Ma
943 1289 1054 1363 saevas)
1075 1289 1247 1367 fraoqaaes;

179 1391 201 1450 E
225 1403 249 1453 te
273 1392 367 1453 lassas
388 1409 487 1453 saevas
506 1394 677 1471 franconem
703 1391 727 1452 R
751 1401 776 1453 te
799 1391 895 1452 bassas
917 1408 1016 1453 soecos
1037 1391 1186 1470 fracaaes3
1211 1389 1245 1450 0¹

179 1560 204 1609 te
228 1548 322 1609 bassas
344 1567 424 1610 cevas
447 1548 496 1622 (Ο2
522 1554 632 1625 saevas)
654 1551 824 1629 franpaaes3
847 1567 861 1608 s
884 1548 1026 1610 tbebassas
1047 1566 1147 1610 saevas
1160 1550 1247 1628 sran-

177 1670 277 1730 panem
300 1669 326 1710 v.
343 1670 368 1711 c.
385 1662 414 1712 et
429 1650 547 1730 Ltmgo)
564 1650 696 1713 Tebassos
711 1651 832 1713 Saaeoas
847 1650 1026 1732 Fraapaaes3
1048 1652 1079 1712 in
1102 1653 1161 1713 fine
1182 1670 1246 1712 vero

180 1754 313 1816 eiusdem
354 1755 456 1835 capitis
490 1756 597 1816 Beatus
633 1755 690 1816 hoc
726 1755 843 1817 scribit:
885 1757 926 1815 ‘ln
961 1755 1081 1833 gratiam
1124 1755 1246 1835 denique

181 1859 382 1919 studiosorum
408 1859 463 1919 boc
485 1858 591 1919 addere
611 1857 691 1932 libet,
715 1877 782 1919 eum
798 1860 895 1919 locum
913 1859 943 1919 in
960 1859 1082 1939 epistola
1100 1859 1246 1921 Ciceronis

183 1962 219 2021 ad
235 1963 376 2036 Atticum,
399 1981 487 2041 quem
512 1980 566 2023 nas
589 1960 782 2034 restituimus,
807 1962 877 2022 haec
899 1962 985 2023 verba
1008 1963 1142 2043 proxime
1164 1981 1245 2041 prae·

180 2066 291 2138 cedere,
321 2063 382 2125 Taa
408 2076 503 2128 tamea
530 2061 711 2146 ὑπηνέμιος
738 2084 847 2126 nausea
873 2070 932 2127 tam
955 2064 1043 2146 plone
1066 2065 1145 2127 abiit.
1181 2064 1247 2126 mibi

181 2169 294 2248 quidem
325 2187 361 2230 eea
389 2174 444 2231 tais
472 2171 559 2231 literis
580 2181 640 2231 toea
663 2168 784 2230 laetaati
804 2168 856 2245 (ita
879 2169 916 2228 Α1
940 2176 970 2229 ct
991 2168 1028 2229 A²
1052 2167 1082 2229 in
1107 2168 1244 2247 margine,

179 2276 264 2346 A²‚c
296 2287 358 2336 tam
392 2274 541 2346 lectitanti)
575 2278 617 2335 ita
649 2273 806 2335 videbator.
851 2273 932 2344 Quae
966 2273 1009 2333 sic
1041 2272 1098 2350 legi
1132 2272 1244 2340 debent,

179 2376 427 2456 quemadmodum
459 2376 595 2436 volumen
620 2394 708 2437 manu
733 2377 877 2456 scriptum
907 2385 1040 2450 testatur,
1071 2376 1132 2437 Tua
1156 2387 1244 2438 tamea

180 2478 361 2560 ὑπηνέμιος
383 2498 494 2540 nausea
516 2483 571 2540 taen
598 2477 673 2560 <ne>
694 2479 783 2559 plane
806 2477 886 2542 atie?
907 2481 979 2542 atti
999 2482 1112 2561 quidem
1134 2498 1173 2541 ear
1194 2483 1246 2540 tais

183 2687 274 2748 codex
308 2695 443 2766 apparet3
477 2704 544 2746 nam
577 2687 605 2746 bl
639 2686 727 2746 babet
760 2706 823 2748 cam
857 2687 963 2759 locanti,
997 2706 1011 2747 s
1044 2695 1106 2748 tuae
1140 2686 1245 2754 letand,

182 2793 210 2850 Σ
238 2800 292 2860 t=
313 2789 418 2863 ORP)
453 2790 639 2861 coniectanti,
679 2789 701 2850 C
735 2808 803 2850 vero
841 2808 908 2850 cum
947 2790 1028 2851 beati
1064 2791 1110 2851 vel
1150 2789 1246 2870 potius

183 2893 315 2954 Sichardi
342 2894 440 2954 codice
469 2894 616 2955 consentit
643 2903 731 2974 atque
758 2893 845 2955 babet
877 2898 1051 2955 coniectanti.
1082 2926 1124 2938 -
1156 2896 1247 2973 Atque

182 3008 215 3058 ut
237 3007 375 3076 appareat
396 3016 483 3076 quam
508 2996 634 3058 difficilis
658 2997 696 3058 sit
718 3015 765 3058 res
788 2997 888 3058 critica
903 2998 933 3057 in
951 3016 1016 3077 epp.
1032 2997 1068 3057 ad
1083 2998 1155 3068 att,
1181 2998 1248 3057 baec

182 3102 272 3161 addo:
296 3104 354 3161 iam
377 3097 453 3181 <ae>
477 3101 541 3160 cod.
560 3100 702 3167 Sichardi,
721 3105 760 3172 A,
778 3100 810 3173 R,
826 3101 859 3173 P,
876 3101 927 3161 02:
950 3104 1008 3161 iata
1033 3097 1094 3182 [ae]
1112 3100 1163 3161 0¹.
1193 3100 1248 3162 abit

182 3206 246 3266 cod.
271 3202 413 3275 sichardi,
437 3204 485 3277 01,
508 3204 545 3277 P;
578 3204 724 3284 plantabit
747 3207 812 3283 (pra
832 3204 919 3284 plane
941 3205 1012 3282 abit)
1035 3203 1074 3264 R:
1110 3204 1183 3266 abia
1206 3208 1249 3274 A3

181 3307 252 3387 quid
286 3307 474 3368 scribendum
510 3308 558 3377 sit,
591 3308 649 3367 iam
673 3317 807 3387 apparet3
841 3307 963 3368 dubium
988 3315 1065 3368 esset
1088 3307 1250 3387 posteriore

184 3412 258 3483 loco,
283 3410 340 3471 nisi
363 3411 518 3472 lectionem
543 3431 558 3472 a
583 3411 671 3473 Reate
694 3412 808 3472 allatam
833 3412 1017 3473 haberemus.

272 3563 313 3622 Ac
336 3562 400 3622 vide
424 3557 628 3644 arryadpqpa:
656 3564 719 3645 ipse
748 3563 795 3626 ille
817 3564 915 3636 index,
946 3564 981 3624 de
1008 3581 1067 3642 quo
1091 3562 1200 3623 Reatus
1222 3563 1250 3624 in

183 3667 274 3747 praet.
298 3666 333 3726 ad
349 3666 521 3727 Tertulliani
545 3685 612 3746 opp.
628 3666 768 3746 loquitur,
791 3685 873 3727 nunc
895 3676 990 3727 exstat
1012 3675 1100 3745 atque
1124 3685 1193 3728 cum
1216 3665 1251 3726 ab

182 3773 215 3829 Α.
233 3770 307 3830 Maio
342 3769 480 3830 cardinali
513 3769 543 3830 in
578 3769 726 3850 spicilegia
756 3789 878 3831 romano
902 3770 1012 3832 tomll
1034 3789 1064 3849 p.
1084 3768 1250 3832 tao-200

187 3884 249 3934 turn
286 3874 380 3934 multo
416 3873 583 3952 diligentius
613 3875 649 3935 ab
676 3875 709 3934 Α.
733 3873 927 3935 Wilmannsio
951 3873 1018 3934 ‘Der
1045 3874 1168 3953 llatalog
1201 3874 1251 3935 der

185 3976 330 4037 Lorscber
357 3977 635 4039 Klosterbibliotbek
657 3998 710 4040 aus
727 3979 792 4039 dem
812 3980 860 4039 10.
878 3977 988 4039 Jahrb'
1011 3977 1041 4038 in
1065 3976 1140 4039 Mus.
1157 3977 1249 4038 Rhea.

185 4079 218 4139 N.
236 4080 265 4141 S.
282 4080 375 4142 Xlllll
397 4082 464 4143 inde
484 4102 499 4142 a
523 4102 552 4163 p.
570 4082 631 4144 385
655 4083 749 4144 editus
772 4092 831 4157 est3
858 4093 918 4145 tres
942 4101 1009 4144 vera
1032 4092 1103 4144 sunt
1130 4082 1248 4153 indices,
