2866 4626
557 264 868 335 ...cg-.-

180 445 288 510 Bosila‘o
309 445 457 521 l,A¹²,c:
478 446 574 511 Basilo
596 447 641 508 W.
671 484 704 492 —
729 449 868 523 xl23,1
894 448 1015 512 anullo
1038 447 1060 522 1,
1076 445 1142 524 ΑΗ,
1157 467 1187 510 c:
1210 448 1245 511 ob

179 551 231 613 illo
253 553 298 614 W.
321 588 362 597 —
385 550 425 613 XI
440 551 490 626 23,
508 552 526 613 3
550 557 691 615 maiorum
715 553 736 627 l,
754 549 819 628 Aac,
836 573 866 615 c:
890 553 1035 616 mulorum
1056 552 1103 627 W,
1120 551 1192 614 ΖΙ).

265 658 401 737 Apparet,
425 656 618 718 Cratandrum
653 675 718 718 raro
751 657 866 719 codices
899 656 1063 736 inspexisse
1093 675 1189 737 neque
1211 676 1247 717 er

181 760 299 822 silentio
322 760 475 822 Cratandri
510 795 549 804 -—
584 761 650 822 silet
677 761 766 834 enim,
802 771 835 824 ut
862 761 901 822 ita
928 762 1033 835 dicam,
1069 761 1247 840 ubicumque

182 882 250 925 cum
266 864 280 924 l
290 859 346 924 Α12
369 862 514 925 consentit
531 898 568 907 -
585 865 742 944 quicquam
766 864 948 927 auctoritatis
971 864 1076 944 colligi
1089 864 1154 925 adl
1176 883 1246 944 pro-

184 968 319 1029 bandam.
365 967 456 1029 Multo
473 987 540 1029 vero
564 966 647 1029 aliter
669 967 857 1029 iudicandum
874 987 938 1028 esse
954 977 1026 1048 puto
1042 969 1077 1030 de
1092 966 1129 1028 iis
1144 968 1246 1028 lectio-

183 1070 282 1143 nibus,
306 1076 379 1149 quas
395 1070 554 1151 Cratander
576 1071 712 1151 primus
734 1071 763 1132 iu
789 1081 870 1133 textu
886 1071 986 1152 posuit
1008 1081 1095 1151 atque
1111 1071 1245 1133 novavit:

181 1192 254 1253 quas
282 1192 350 1234 cum
375 1173 559 1236 Holmaunus
585 1194 615 1254 p.
636 1174 675 1236 33
703 1176 789 1255 plane
816 1175 1009 1255 neglegendas
1043 1175 1159 1236 duxerit
1193 1193 1246 1235 ue-

183 1276 362 1356 gleseritque
385 1278 526 1351 Baiterus,
550 1287 628 1338 recte
652 1277 891 1357 Wesenbergius,
922 1288 956 1340 ut
977 1288 1040 1341 erat
1062 1279 1151 1340 bomo
1174 1297 1246 1358 pru·

183 1381 375 1442 doctissimus
397 1390 485 1461 atque
507 1381 670 1443 acutissimi
692 1381 802 1472 iudicii,
825 1381 917 1462 ipsam
941 1401 1002 1442 rem
1026 1383 1139 1444 invenit
1160 1393 1247 1462 atque

184 1485 387 1565 compluribus
409 1485 481 1546 locis
504 1490 539 1546 en
560 1504 576 1546 c
600 1504 695 1546 reram
719 1485 874 1546 lectionem
896 1485 1035 1547 restituit.
1081 1487 1154 1549 Cum
1181 1506 1247 1549 vero

182 1588 260 1650 idem
284 1588 374 1648 homo
397 1588 585 1650 doctissimus
615 1608 677 1650 rem
702 1589 812 1669 optime
834 1589 981 1650 inventam
1006 1608 1066 1650 non
1088 1609 1248 1671 perseque-

182 1701 265 1754 retur
287 1710 384 1770 neque
405 1700 577 1770 exponeret,
611 1710 667 1770 qua
691 1692 735 1752 via
763 1710 796 1752 ac
827 1692 938 1754 ratione
971 1693 1111 1755 lectiones
1138 1712 1153 1754 a
1177 1694 1247 1755 Cra-

183 1795 288 1856 tandro
311 1804 432 1855 novatae
454 1795 579 1856 inveniri
612 1803 745 1875 possent,
780 1794 889 1855 lactum
917 1805 963 1857 est
996 1806 1029 1858 ut
1056 1796 1156 1877 paucis
1183 1816 1247 1858 eam

184 1917 246 1960 rem
271 1898 418 1978 probaret.
463 1898 532 1972 Nos,
555 1897 695 1977 quoniam
720 1896 961 1976 Wesenbergium
985 1899 1149 1961 rectissime
1171 1900 1249 1961 indi-

182 2021 264 2064 casse
288 2001 490 2074 credebamus,
513 2002 588 2063 banc
610 2001 753 2062 rationem
778 2002 1021 2080 excogitavimus:

269 2105 391 2166 blultis
413 2105 447 2166 in
471 2104 574 2166 libris
598 2104 802 2185 posteriore
825 2105 984 2167 editione
1004 2106 1044 2168 de
1060 2106 1249 2188 prioribus

182 2209 397 2271 detrahenda
420 2208 568 2270 collatio
588 2208 860 2288 deperditorum
884 2209 1046 2273 codicum
1070 2212 1248 2273 eflicitur.

269 2313 376 2392 ltaque,
403 2312 579 2392 ubicumque
602 2312 757 2392 aliquando
779 2321 892 2374 veteres
914 2312 1040 2375 editores
1063 2323 1114 2376 aut
1136 2314 1192 2395 ipsi
1216 2334 1247 2376 se

182 2416 334 2478 codicibus
357 2435 427 2477 usos
450 2434 514 2477 esse
536 2416 694 2476 adfirmant
715 2422 767 2476 aut
790 2416 835 2477 usi
850 2417 988 2478 videntur
1010 2436 1084 2490 esse,
1107 2417 1146 2480 ita
1169 2426 1250 2480 vete-

182 2538 250 2581 rum
273 2520 407 2581 codicum
431 2518 571 2580 lectiones
594 2527 815 2599 recuperantur,
839 2530 873 2581 ut
894 2520 1099 2600 investigetur:

268 2626 296 2698 a)
319 2623 381 2684 Nisi
407 2641 495 2684 noras
523 2621 662 2683 lectiones
690 2642 725 2683 ex
752 2622 902 2684 codicibus
930 2626 1074 2703 prolectas
1097 2643 1161 2685 esse
1184 2623 1249 2704 ipse

183 2726 281 2788 editor
320 2727 404 2787 testis
445 2735 503 2798 est,
547 2727 614 2804 quis
652 2725 766 2805 primus
803 2744 885 2786 veras
922 2726 1062 2788 lectiones
1099 2727 1128 2788 in
1168 2736 1250 2789 textu

186 2829 328 2910 posuerit
395 2829 424 2900 b)
460 2828 555 2890 Novae
592 2829 664 2890 istae
707 2837 795 2908 atque
840 2848 923 2890 verae
962 2829 1102 2892 lectiones
1149 2838 1247 2891 utrum

185 2953 221 2994 er
258 2933 355 3012 aliquo
392 2932 492 2993 codice
528 2952 565 2993 an
602 2951 638 2992 ex
670 2932 839 2995 coniectura
876 2943 957 2994 ortae
990 2952 1054 2996 esse
1088 2933 1249 2995 videantur.

185 3039 214 3116 c)
237 3036 379 3097 Pluresne
402 3055 492 3097 novae
514 3045 603 3115 atque
625 3045 720 3097 rectae
740 3036 880 3097 lectiones
903 3036 1063 3099 abeodem
1087 3037 1197 3099 editore
1220 3036 1251 3097 iu

186 3149 300 3202 textum
323 3150 455 3219 receptae
478 3139 546 3200 sint.
591 3139 620 3214 d)
646 3139 712 3200 Sive
734 3139 830 3200 editor
853 3139 914 3220 ipse
937 3158 967 3201 se
990 3140 1139 3201 codicibus
1163 3158 1249 3202 usum

185 3263 251 3305 esse
274 3243 377 3304 scribit
399 3244 458 3304 sive
481 3243 552 3304 istas
587 3262 676 3303 novas
698 3243 837 3304 lectiones
871 3262 906 3304 ex
933 3243 1083 3304 codicibus
1117 3252 1250 3322 sumptas

186 3367 253 3408 esse
275 3346 446 3419 conicimus,
480 3366 554 3425 quae
576 3345 657 3426 prior
686 3345 775 3407 editio
808 3347 837 3406 in
861 3345 916 3407 ista
939 3346 1100 3426 posteriore
1123 3345 1251 3407 editione

185 3468 324 3531 expressa
353 3449 400 3511 sit.
444 3449 473 3527 e)
503 3449 630 3528 Ecquam
659 3449 743 3509 aliam
773 3458 922 3528 praeterea
955 3449 1113 3511 editionem
1144 3449 1170 3510 is
1201 3449 1252 3528 qui

185 3553 380 3634 posteriorem
404 3553 562 3614 editionem
592 3553 704 3613 curavit
731 3552 766 3613 ad
795 3562 907 3613 textum
935 3552 1174 3614 constituendum
1199 3553 1251 3613 ad-

187 3657 325 3718 bibuerit.
371 3660 398 3732 l)
422 3656 555 3718 Detracta
581 3654 743 3736 posteriore
777 3655 905 3716 editione
932 3656 967 3717 de
1001 3656 1148 3736 prioribus
1176 3674 1251 3735 quae

185 3778 280 3821 oovee
312 3760 452 3821 lectiones
487 3760 614 3838 reliquae
648 3760 717 3820 sint.
762 3760 792 3838 g)
814 3759 908 3832 Quem
935 3759 1032 3820 locum
1061 3760 1091 3821 in
1116 3758 1249 3820 codicum

186 3871 345 3925 stemmate
367 3863 439 3925 istae
461 3874 582 3924 novatae
604 3865 744 3925 lectiones
766 3861 926 3923 obtineant.
971 3862 1004 3941 h)
1019 3861 1124 3924 Utrum
1148 3879 1252 3923 omues

186 3985 281 4028 novae
303 3967 442 4028 lectiones
464 3986 499 4027 er
515 3966 664 4028 codicibus
686 3974 821 4046 sumptae
843 3983 880 4026 an
896 3983 955 4026 non
972 3966 1069 4027 nullae
1084 3964 1251 4027 coniectura

186 4078 270 4132 ortae
292 4089 356 4132 esse
378 4069 540 4132 rideantur.
