2866 4626
548 279 882 344 -109--

184 457 378 538 negationem.
422 457 483 538 Ego
504 476 568 538 pro,
602 477 668 533 non,
703 461 829 540 reposui,
863 479 949 534 abac,
980 467 1013 522 ut
1038 459 1188 538 legebatur
1214 460 1244 521 in
1354 464 1356 469 ’

185 563 365 625 Crusellino'.

267 665 332 728 Non
365 665 454 728 nullis
487 664 557 726 locis
579 663 700 727 Bosium
733 667 836 729 falsam
865 687 900 729 ex
922 666 942 726 Z
965 665 1121 730 lectionem
1144 668 1244 747 negle-

185 771 279 848 gentia
312 770 410 850 potius
439 769 584 831 labentem
612 787 699 846 quam
730 771 922 833 mentientem
949 779 1089 851 putamus
1116 770 1244 845 adferre,

184 883 262 936 recte
289 873 367 935 enim
395 872 547 953 plerasque
575 871 783 953 discrepantias
810 893 884 954 quae
912 873 1244 938 suntinterZL1²et

186 975 231 1036 ΖΒ
254 975 438 1038 Dedelsenus
460 995 488 1056 p.
507 975 567 1036 124
596 994 656 1036 non
686 986 745 1038 tam
771 977 850 1038 Bosii
873 976 1060 1040 mendacitati
1082 995 1171 1056 quam
1194 986 1245 1038 aut

186 1079 316 1141 Lambini
338 1088 390 1142 aut
411 1079 491 1141 Bosii
513 1078 718 1158 neglegentiae,
746 1099 820 1159 quae
843 1081 872 1140 in
896 1089 1022 1160 utroque
1044 1081 1116 1144 satis
1139 1098 1243 1159 magna

185 1183 245 1255 luit,
278 1182 396 1247 tribuit:
428 1201 604 1262 quamquam
629 1183 685 1244 boc
706 1184 854 1245 neminem
878 1184 961 1264 lugit,
992 1183 1170 1263 ubicumque
1193 1182 1242 1244 ZB

185 1285 306 1345 ΖΖΖη
333 1286 443 1359 differt,
478 1285 616 1347 maiorem
651 1285 738 1346 fidem
768 1286 850 1347 ΖΙ,12
884 1306 973 1367 quam
1001 1286 1052 1348 ΖΒ
1079 1285 1240 1348 habendam

186 1409 255 1451 esse.
306 1391 381 1453 lstos
413 1390 493 1450 locos
526 1389 605 1469 quod
632 1388 814 1451 [letlelsenus
848 1389 976 1469 collegit,
1009 1408 1064 1451 nos
1097 1409 1157 1452 non
1191 1391 1242 1451 ad-

186 1493 313 1556 ierimus

267 1596 398 1677 Denique
421 1595 471 1656 ΖΒ
498 1595 644 1676 plerisque
666 1595 738 1656 locis
760 1614 828 1656 cum
851 1598 881 1657 Σ
899 1603 964 1657 tum
987 1596 1078 1670 ΖΨ,
1102 1615 1128 1657 v.
1151 1615 1177 1657 c.
1200 1597 1243 1657 vel

186 1719 208 1760 r.
223 1719 249 1761 c.
273 1711 302 1763 et
324 1700 363 1763 ita
380 1699 497 1780 L(mgo)
520 1700 724 1760 confirmatur:
748 1699 827 1778 quod
850 1699 875 1760 si
897 1702 964 1779 quis
986 1700 1072 1774 dicat,
1094 1718 1143 1761 eas
1166 1701 1243 1780 ipsas

185 1803 321 1864 lectiones
343 1802 464 1883 Bosium
498 1812 549 1865 aut
576 1822 612 1864 ex
635 1805 663 1863 Σ
691 1815 742 1866 aut
764 1821 798 1863 ex
822 1803 948 1882 quodam
972 1802 1122 1882 deperdito
1145 1803 1244 1864 codice

184 1906 343 1986 sumpsisse
374 1916 461 1986 atque
493 1907 681 1987 impudenter
714 1906 905 1968 mentientem
938 1905 1030 1967 codici
1061 1905 1243 1967 Turnesiano

185 2010 328 2084 tribuisse,
352 2029 407 2072 nos
422 2010 501 2090 quod
517 2009 673 2072 consilium
689 2009 792 2072 Bosius
814 2010 846 2071 in
868 2011 917 2072 tali
938 2010 1040 2072 fraude
1063 2019 1182 2071 secutus
1205 2009 1244 2070 sit

184 2131 240 2175 non
263 2113 476 2192 intellegimus;
511 2132 577 2173 nam
602 2121 632 2174 et
653 2114 745 2188 facile,
778 2115 808 2175 id
831 2114 856 2174 si
878 2113 1004 2187 lecisset,
1037 2113 1149 2175 fraudis
1171 2132 1242 2174 con-

184 2218 275 2279 rictus
297 2226 374 2279 esset
396 2217 509 2297 etipse
532 2235 619 2278 suum
640 2217 810 2279 institutum
832 2217 1020 2296 neglexissem
1044 2235 1111 2278 nam
1127 2217 1241 2290 llosius,

184 2320 209 2382 id
220 2321 301 2400 quod
319 2339 409 2400 supra
425 2320 624 2400 exposuimus,
636 2321 709 2382 duas
724 2321 762 2383 ob
776 2340 878 2384 causas
890 2321 973 2383 fictas
984 2320 1124 2382 lectiones
1138 2320 1245 2395 attulit,

184 2435 210 2486 et
233 2433 267 2485 ut
288 2433 420 2485 veterum
444 2424 657 2504 philologorum
681 2426 863 2489 coniecturas
880 2447 912 2488 se
927 2427 957 2487 in
973 2424 1123 2487 codicibus
1139 2443 1243 2505 reppe-

184 2526 256 2588 risse
277 2527 377 2606 itaque
398 2527 471 2589 istas
493 2546 583 2590 novas
605 2529 745 2589 lectiones
768 2530 902 2593 codicum
925 2530 1099 2592 auctoritate
1115 2528 1244 2590 munitas

183 2648 245 2691 esse
278 2630 448 2694 adfirmaret
480 2644 511 2694 et
543 2641 576 2692 ut
597 2632 660 2712 ipse
685 2651 700 2693 e
722 2633 800 2694 lictis
821 2633 994 2695 lectionibus
1016 2631 1134 2693 insanas
1157 2641 1245 2711 atque

183 2733 370 2813 impudenter
392 2735 569 2814 excogitatas
585 2736 768 2798 coniecturas
784 2738 922 2799 efiiceret.
960 2737 1097 2798 Ceterum
1114 2744 1158 2798 tot
1172 2735 1244 2796 locis

184 2836 229 2897 ΖΒ
253 2856 321 2898 cum
344 2856 370 2897 v.
387 2857 412 2900 c.
435 2838 480 2899 vel
502 2857 528 2898 v.
545 2857 570 2899 c.
593 2841 683 2903 etita
706 2841 823 2920 L(mgo)
848 2839 1003 2912 consentit,
1032 2848 1074 2912 ut,
1102 2838 1161 2899 nisi
1182 2857 1243 2900 non

182 2941 275 3002 nullae
298 2959 405 3020 eaeque
420 2960 505 3004 verae
520 2943 659 3005 lectiones
676 2943 724 3004 ΖΒ
747 2953 855 3018 essent,
880 2943 962 3005 lacile
985 2951 1063 3003 esset
1084 2942 1120 3003 ad
1144 2942 1243 3022 suspi-

182 3046 316 3117 candum,
350 3044 470 3107 Bosium
503 3046 558 3107 etsi
580 3045 795 3109 Tumesianum
830 3047 893 3109 sine
923 3045 1013 3108 dubio
1046 3044 1118 3106 vidit
1146 3053 1243 3106 tamen

184 3146 322 3209 lectiones
344 3167 392 3209 eas
415 3168 487 3228 quas
509 3150 570 3229 ipse
592 3149 688 3212 adfert
710 3169 768 3211 non
791 3151 895 3211 collato
918 3150 982 3230 ipso
1002 3148 1102 3210 codice
1120 3149 1244 3222 adferre,

182 3251 228 3312 sed
263 3271 299 3312 ex
321 3250 456 3313 Lambini
489 3253 615 3332 quodam
649 3253 734 3327 libro,
768 3253 799 3314 in
823 3254 906 3314 cuius
930 3252 1060 3332 margine
1083 3252 1244 3314 Lambinus

182 3355 320 3416 lectiones
352 3374 388 3416 ex
411 3356 431 3416 Z
458 3356 494 3418 ad
516 3357 707 3436 posteriorem
731 3357 891 3420 editionem
914 3356 1071 3437 parandam
1096 3366 1243 3436 posuerat,

181 3459 241 3521 illas
271 3459 412 3522 lectiones
442 3461 591 3523 hausisse:
625 3460 655 3521 id
683 3460 762 3522 enim
791 3462 832 3522 ita
858 3460 883 3522 si
905 3461 1015 3522 lactum
1039 3471 1127 3534 esset,
1161 3459 1244 3520 facile

181 3563 315 3645 explicari
337 3573 446 3644 posset,
469 3583 526 3643 qua
550 3583 582 3625 re
598 3564 646 3625 ΖΒ
668 3564 817 3645 plerisque
831 3563 904 3625 locis
919 3583 986 3626 cum
1005 3563 1086 3624 zL¹²
1110 3563 1155 3624 vel
1174 3581 1242 3623 cum

181 3686 204 3728 r.
224 3687 250 3729 c.
272 3668 319 3728 vel
341 3686 408 3729 cum
431 3686 458 3727 v.
479 3687 504 3728 c.
528 3667 618 3730 etita
641 3668 759 3749 lego)
783 3668 971 3741 consentiret,
1005 3676 1108 3729 contra
1141 3665 1242 3727 multis

180 3769 259 3844 locis,
290 3769 440 3850 quibusZ
471 3790 487 3832 a
512 3778 541 3831 Δ
572 3782 601 3834 et
623 3775 652 3833 Σ
679 3772 854 3834 dissensisse
882 3790 918 3832 ex
940 3771 962 3832 C
984 3780 1013 3832 et
1037 3771 1070 3828 W
1101 3768 1244 3850 suspicari

180 3873 258 3947 licet,
295 3892 391 3953 neque
425 3874 476 3935 ΖΒ
510 3893 605 3953 neque
639 3875 723 3935 ZLm
757 3876 802 3937 vel
834 3894 861 3935 v.
889 3894 915 3936 c.
951 3874 996 3934 vel
1028 3892 1054 3933 v.
1082 3892 1107 3934 c.
1141 3885 1170 3935 et
1202 3872 1242 3936 ita

181 3976 300 4056 L(mgo)
323 3988 458 4041 exstaret.
504 3978 589 4039 Nunc
622 3998 699 4052 vero,
733 3998 800 4040 cum
825 3978 928 4039 Rosius
962 3996 1020 4037 non
1055 3976 1142 4036 nullis
1171 3975 1243 4036 locis
