2866 4626
552 289 888 352 ——196—

184 469 269 526 etiane
303 463 390 538 ll'lio,
428 465 477 527 sed
512 465 565 527 illc
601 465 773 547 officiosius,
810 469 885 548 quod
921 467 993 529 mebi
1028 487 1110 548 quem
1134 465 1174 548 -Ι-
1197 472 1258 531 iem

182 570 295 648 pridem
320 575 359 640 -Ι-
383 587 542 650 numquam
568 571 655 644 cidit,
681 574 770 650 ipitnr
799 581 831 633 tn
857 591 966 654 quoqne
994 573 1117 634 eduam
1143 577 1257 653 utrique

184 673 345 735 adscribito.

269 775 333 837 lane
359 777 487 879 pridem!
499 785 529 837 et
550 777 581 838 in
604 776 641 837 W
664 788 693 840 et
715 779 745 839 in
768 781 804 852 Σ,
828 784 859 838 Δ
881 786 939 849 est3
971 777 1071 857 itaque
1102 777 1189 839 verba
1221 778 1255 851 ll,

183 880 202 941 i.
226 898 251 940 e,
274 879 465 960 archetypum
500 881 633 942 omnium
667 882 812 956 codicum,
845 880 984 942 habuisse
1016 891 1148 961 apparet.
1193 881 1253 943 lam

186 1003 255 1045 vero
278 984 317 1044 ita
340 1001 421 1045 nunc
443 984 576 1063 procedit
599 986 753 1058 sententia,
787 994 822 1046 ut
851 983 959 1062 ahquid
989 984 1165 1046 mutandum
1190 1004 1255 1046 esse

183 1096 335 1168 appareat3
386 1104 454 1147 nam
497 1091 556 1147 ianr
591 1088 705 1167 pridem
748 1106 906 1168 arimenum
948 1088 1019 1149 ferri
1062 1106 1123 1149 non
1168 1107 1255 1168 posse

183 1191 372 1272 perspicuum
396 1198 451 1251 est.
496 1189 597 1270 ltaque
619 1199 712 1263 erant,
735 1190 787 1271 qui
808 1194 867 1253 iam
888 1193 1000 1272 pridem
1030 1190 1254 1271 interpolatione

182 1304 246 1356 orta
269 1303 357 1373 atque
381 1293 503 1356 delenda
526 1313 591 1355 esse
613 1303 760 1374 putarent.
794 1294 908 1367 Quibus
931 1294 1061 1375 primurn
1079 1294 1252 1374 respondeo,

183 1399 256 1459 nihil
280 1398 372 1459 luisse
395 1417 498 1460 causae
521 1416 575 1460 cur
596 1397 663 1476 quis
685 1398 734 1460 illa
757 1399 843 1459 verba
866 1398 1023 1459 inserenda
1039 1416 1103 1458 esse
1119 1407 1252 1477 putaret;

182 1502 207 1563 is
231 1502 320 1575 enim,
343 1501 394 1580 qui
417 1520 450 1562 ea
472 1500 688 1580 interpolasset,
718 1503 895 1563 sententiam
923 1502 1082 1562 turbasset.
1126 1501 1253 1573 Accedit,

183 1607 261 1685 quod
290 1605 319 1666 in
348 1605 412 1685 ipso
434 1604 461 1665 x
483 1604 531 1666 illa
559 1605 646 1667 verba
675 1605 766 1666 luisse
799 1624 834 1666 ev
867 1613 1024 1666 stemmate
1059 1602 1253 1682 intellegitur3

182 1709 240 1770 iarn
257 1728 326 1770 vero
345 1707 517 1787 interpolata
533 1708 620 1770 verba
636 1708 773 1771 habuisse
787 1708 811 1769 Y
826 1728 915 1788 supra
932 1728 959 1789 p.
975 1708 1034 1768 125
1051 1707 1253 1789 exposuimus,

181 1832 219 1875 ne
242 1813 271 1873 in
288 1814 318 1873 Ω
332 1811 452 1891 quidem
476 1812 592 1886 desunt,
615 1831 691 1891 quae
710 1812 947 1892 interpolationis
963 1811 1090 1892 speciem
1109 1811 1251 1873 habeant:

183 1916 213 1976 in
236 1915 263 1976 X
285 1934 354 1977 vero
370 1913 441 1976 tales
465 1914 705 1995 interpolationes
729 1914 821 1978 luisse
843 1915 921 1977 haud
947 1914 1031 1975 facile
1054 1914 1253 1976 demonstravi

182 2028 289 2099 potest.
333 2017 465 2098 Denique
498 2020 552 2093 fac,
590 2038 623 2079 ea
660 2017 748 2080 verba
781 2018 957 2100 interpolata
995 2036 1060 2079 esse
1099 2028 1189 2097 atque
1222 2019 1251 2078 in

183 2123 279 2201 aliquo
309 2123 467 2203 archetypo
495 2122 587 2184 luisse
619 2123 668 2184 sed
699 2121 753 2184 illo
783 2121 937 2202 officiosius
964 2122 1039 2202 quod
1072 2122 1145 2183 mihi
1171 2140 1254 2203 quem

182 2245 340 2306 enumquam
375 2226 461 2288 cidit:
499 2224 648 2286 neminem
686 2224 788 2304 lugere
824 2233 932 2304 potest,
969 2225 1048 2286 illam
1087 2225 1252 2288 orationem

185 2329 357 2390 claudicare.
399 2328 472 2390 Nam
497 2329 642 2410 officiosus
671 2327 696 2389 is
724 2335 770 2390 est
796 2328 847 2408 qui
875 2328 969 2390 officia
997 2329 1093 2390 debita
1123 2338 1253 2410 praestat

182 2444 270 2511 atque
282 2431 430 2513 persolvit,
445 2431 470 2492 is
483 2440 528 2493 est
539 2432 589 2511 qui
599 2433 720 2494 alterius
733 2431 838 2493 officiis
850 2440 1026 2512 provocatus
1038 2433 1134 2495 officia
1146 2433 1251 2508 reddit,

182 2555 242 2597 non
266 2536 363 2615 isqui
386 2534 467 2616 prior
490 2535 586 2597 studia
609 2544 697 2615 atque
720 2536 813 2597 olhcia
836 2535 867 2596 in
890 2535 1020 2596 alienum
1035 2535 1185 2597 hominem
1203 2535 1252 2597 cui

181 2641 255 2701 nihil
277 2639 363 2700 dehet
385 2642 508 2699 confert.
550 2638 627 2700 llaec
649 2639 674 2700 si
697 2648 776 2701 recte
799 2638 867 2713 dixi,
891 2640 1048 2721 officiosius
1069 2658 1128 2700 non
1153 2648 1251 2720 potest

180 2742 326 2823 respicere
359 2741 395 2802 ad
429 2741 623 2821 Pomponiam
656 2742 745 2804 Attici
781 2742 886 2816 filiam,
924 2761 999 2822 quae
1037 2760 1199 2821 numquam
1234 2762 1250 2803 a

180 2846 319 2908 Cicerone
341 2845 498 2925 quicquam
522 2854 681 2925 acceperat,
704 2864 823 2907 necesse
845 2854 890 2906 est
913 2845 1059 2926 respicere
1082 2846 1118 2907 ad
1135 2845 1249 2920 Piliam,

182 2969 302 3011 uxorem
327 2948 423 3022 Attici,
451 2967 525 3028 quae
552 2948 610 3010 iam
640 2949 752 3029 pridem
784 2949 955 3011 Ciceronem
989 2958 1120 3010 noverat.
1166 2949 1208 3010 lta
1225 2947 1249 3009 si

180 3064 259 3114 vecte
282 3051 492 3127 conclusimus,
522 3061 552 3114 et
581 3053 736 3134 officiosus
764 3053 800 3114 ad
823 3052 927 3114 Piliam
963 3062 1096 3133 spectare
1129 3061 1159 3113 et
1191 3057 1249 3115 iem

177 3158 289 3236 pridem
323 3156 448 3234 genuina
483 3175 547 3218 esse
578 3166 608 3217 et
641 3165 708 3236 post
739 3160 799 3218 iam
830 3157 939 3236 prdem
973 3155 1137 3217 orationem
1169 3155 1249 3217 hiare

179 3268 309 3340 apparet.
354 3259 465 3331 Restat,
501 3269 532 3320 ut
563 3259 695 3321 hiantem
731 3259 894 3322 orationem
928 3259 1112 3340 expleamus,
1147 3269 1178 3321 et
1210 3259 1248 3320 ita

179 3363 297 3442 quidem
334 3371 366 3424 ut
399 3362 587 3443 perspicuum
623 3364 675 3436 sit,
710 3383 784 3443 quae
817 3363 903 3424 verba
936 3364 1001 3443 ipso
1029 3382 1119 3425 sensu
1147 3363 1247 3443 requi-

179 3475 292 3540 rantur,
320 3476 349 3528 et
371 3486 430 3545 quo
454 3466 541 3527 modo
564 3469 673 3528 lactum
697 3467 744 3540 sit,
779 3475 812 3528 ut
845 3486 878 3528 ea
911 3467 997 3529 verba
1030 3466 1246 3529 omitterentur.

179 3569 250 3630 Pilia
275 3571 432 3651 officiosius
455 3569 586 3631 Ciceroni
614 3569 729 3631 videtur
750 3568 864 3642 fecisse,
898 3570 977 3648 quod
1010 3569 1125 3631 homini
1155 3571 1246 3632 amico

91 3666 94 3672 “
182 3673 308 3733 salutem
333 3672 459 3733 adscribi
482 3672 617 3747 iusserit;
639 3672 738 3751 itaque
761 3681 790 3734 et
812 3673 1029 3753 comparativus
1044 3673 1247 3736 adverbialiter

179 3776 295 3855 positus
319 3775 490 3854 requiritur,
522 3776 599 3837 unde
622 3786 767 3858 appareat,
790 3795 849 3855 quo
872 3777 961 3837 modo
983 3775 1146 3857 Pomponia
1163 3776 1245 3838 nanu

178 3879 235 3939 filia
249 3879 352 3939 iecisse
365 3878 507 3953 videatur,
524 3889 725 3959 etpronomen
739 3880 881 3941 feminino
894 3898 998 3959 genere
1014 3879 1157 3958 positum,
1170 3879 1245 3960 quod

178 3982 318 4042 vocabulo
330 3984 383 4043 illo
394 3982 579 4063 respondeat,
592 3990 621 4043 et
632 3983 728 4055 verba,
738 3983 915 4063 quibuscum
925 3997 1082 4062 numquam
1094 3985 1166 4045 cidit
1177 4002 1244 4044 con-

178 4085 346 4163 iungantur.
377 4085 458 4159 Quae
474 4104 540 4147 cum
558 4086 595 4146 ita
613 4086 680 4159 sint,
697 4087 786 4147 huius
800 4086 878 4148 modi
891 4087 1066 4149 sententiam
1081 4088 1243 4169 ponendam
