2866 4626
488 292 576 299 ,-
624 257 642 318 9
690 294 776 299 ,,,,,,

98 435 186 515 infide
208 442 260 495 aut
282 433 376 515 infidia
400 433 563 508 habuisset,
591 442 658 514 post
685 434 715 494 in
739 433 759 492 Z
782 436 903 499 nisidio
925 434 1055 515 positunt
1078 444 1164 508 esset,

100 558 174 617 quae
197 537 284 598 lectio
308 537 395 598 etiam
424 537 505 618 peior
528 548 573 600 est
595 556 683 617 quant
706 537 747 598 ll1
765 534 808 597 vel
828 537 879 597 lll.
915 575 954 580 —
989 539 1095 611 X5,3
1118 557 1165 600 re-

99 645 203 721 scripsi
222 651 249 702 et
270 645 322 702 ista
349 642 446 703 asadia
474 645 500 702 si
524 645 566 703 ais
588 642 676 702 habet
698 641 741 715 M,
769 646 903 720 rescripsi
923 652 947 703 at
969 643 1121 703 istarrcaclaa
1144 647 1169 704 si

100 745 193 819 visC;
224 748 358 824 rescripsi
382 750 410 807 ei
435 745 637 807 stamacdasius
659 745 809 807 Manutius
839 745 977 807 restituit.
1024 745 1045 805 C
1078 745 1103 806 si
1131 765 1165 806 ex

100 849 130 909 ll
166 856 249 910 ortus
291 858 370 910 esset
411 855 440 908 et
484 856 552 927 post
592 848 712 909 alterarn
762 848 920 910 lectionem
963 849 1165 930 interpolando

99 953 270 1032 accepisset,
295 969 341 1012 res
357 951 414 1011 hoe
436 950 524 1010 modo
540 961 619 1030 gesta
642 960 729 1013 esset.
767 952 836 1013 Erat
859 953 986 1031 quidarn,
1011 952 1071 1032 qui,
1095 972 1162 1014 curn

99 1055 228 1136 priorem
273 1054 428 1117 lectionem
475 1073 535 1116 non
575 1055 772 1134 intellegeret,
810 1065 836 1116 et
874 1058 1025 1119 istomacleo
1063 1061 1090 1118 si
1124 1062 1166 1118 ais

99 1168 231 1239 poneret,
253 1157 271 1220 i.
289 1179 313 1220 e.
330 1177 371 1232 ea,
396 1177 470 1236 quae
493 1177 584 1236 aeque
605 1159 730 1220 obscura
745 1166 829 1219 erant
846 1166 933 1238 atque
956 1170 981 1221 et
997 1164 1048 1222 ista
1070 1161 1165 1222 madia

99 1265 127 1323 si
147 1266 198 1324 ais.
227 1298 262 1304 —
286 1261 339 1323 llll
360 1261 440 1336 18,1
466 1262 541 1342 quad
562 1263 645 1323 velim
668 1263 738 1324 milei
757 1266 897 1342 ignoscas,
920 1266 1092 1326 cuicuimodi
1112 1274 1165 1326 ast:

99 1383 155 1446 pro
183 1365 403 1427 cacicuimadill
436 1364 524 1427 habet
552 1367 724 1436 cuiusmodi,
760 1365 933 1445 Cercirnadi.
979 1369 1000 1430 C
1027 1368 1053 1429 si
1080 1369 1165 1429 exli

95 1478 187 1545 prtus
209 1478 296 1542 esset,
320 1470 479 1531 aliusmodi
498 1468 594 1548 primo
616 1468 684 1530 intl
707 1468 812 1531 luisset
834 1479 921 1549 atque
942 1471 1060 1550 quidam
1077 1472 1166 1534 homo

100 1576 239 1636 inventus
262 1580 340 1634 esset
362 1572 412 1650 qui
435 1590 534 1634 secarn
559 1571 710 1652 cogitaret:
739 1571 927 1648 ‘Cuiusmodi
951 1576 1004 1636 etsi
1028 1575 1165 1636 Latinum

100 1685 148 1757 est
171 1676 358 1750 vocabulum,
393 1685 489 1738 tamen
521 1675 683 1738 sententiae
711 1695 771 1737 non
802 1677 872 1738 satis
902 1677 983 1749 laeit3
1017 1677 1047 1738 in
1075 1678 1166 1739 altero

100 1780 201 1842 codice
224 1781 369 1861 scripturn
392 1779 472 1840 vides
496 1780 631 1850 crcimadi,
655 1780 733 1859 quod
762 1799 858 1859 neque
881 1781 1017 1842 latinum
1047 1791 1092 1842 est
1114 1801 1167 1841 vo-

100 1885 240 1947 cabulum
264 1903 359 1963 neque
382 1885 544 1946 sententiae
572 1883 643 1945 satis
669 1882 752 1958 facit3
785 1903 850 1963 age,
885 1885 1054 1959 cuiusmodi,
1088 1885 1167 1963 quod

102 1989 240 2050 Latinum
264 1999 308 2049 est
330 2007 426 2067 neque
448 2007 516 2050 vero
539 2006 605 2049 cum
631 1987 774 2050 sententia
799 1987 943 2060 convenit,
967 1988 1116 2049 deleamus
1139 1996 1168 2049 et

102 2093 235 2165 cuimodi,
263 2092 340 2171 quod
364 2111 460 2171 neque
484 2091 622 2153 Latinuni
646 2099 691 2152 est
712 2110 808 2170 neque
836 2111 904 2153 cuni
928 2093 1072 2153 sententia
1095 2111 1167 2152 eon-

102 2196 193 2268 venit,
215 2193 278 2256 eius
300 2195 364 2257 loco
391 2195 555 2277 ponamus’.
584 2230 624 2237 --
654 2195 704 2255 XV
721 2195 781 2269 3‚1
811 2194 964 2256 Undecimo
986 2195 1050 2255 Kal.
1076 2200 1171 2275 accepi

103 2300 178 2360 decas
198 2299 331 2378 epistulas
354 2311 427 2369 treas,
452 2301 553 2380 quidus
569 2298 680 2360 duabus
703 2301 771 2360 neeis
785 2298 966 2378 rasparedisti3
990 2303 1085 2377 accepi
1098 2300 1170 2360 dicas

104 2403 142 2476 ll,
160 2407 255 2480 accepi
273 2399 370 2485 (crati)
396 2405 468 2465 decas
483 2402 503 2462 Z
521 2402 645 2464 testibus
661 2400 804 2462 Lambino
820 2400 850 2461 in
866 2401 992 2462 editione
1008 2401 1169 2482 posteriore

102 2516 134 2567 et
150 2505 245 2578 Rusio,
270 2511 365 2587 accepi
382 2502 480 2588 (reati)
507 2508 593 2568 etiam
618 2505 638 2566 ii
662 2505 784 2578 codices,
808 2525 883 2583 quos
898 2524 952 2565 nos
976 2505 1169 2578 contulinius;

102 2629 138 2670 ex
162 2613 258 2688 accepi
281 2613 346 2670 nati
365 2608 529 2670 rectissime
553 2607 714 2669 Lambinus
742 2609 839 2670 effecit
862 2612 956 2688 accepi
975 2613 1006 2669 ira
1029 2609 1169 2688 Arpinati,

104 2733 181 2791 quae
208 2711 375 2774 coniectura
410 2730 476 2773 cirin
506 2713 542 2774 ab
570 2712 632 2774 aliis
666 2721 728 2772 tuna
758 2731 773 2773 a
804 2712 938 2774 Schichio
965 2712 1088 2792 repetita
1116 2722 1168 2771 est.

103 2817 124 2877 Z
149 2815 174 2876 si
202 2835 236 2876 ex
258 2815 287 2876 M
315 2824 398 2878 ortus
421 2827 511 2888 esset,
547 2815 665 2895 quidam
690 2815 780 2876 horno
804 2815 846 2877 sie
869 2816 1038 2895 cogitasset:
1064 2814 1173 2894 ‘Accepi

104 2921 180 2981 daras
201 2919 335 2998 epr'sttdas
368 2930 430 2981 tuas
459 2919 528 2998 quid
563 2918 601 2980 sit
628 2926 657 2979 et
691 2937 743 2998 ego
765 2919 902 3000 intellego
936 2928 965 2981 et
992 2921 1169 2996 omnesqui

103 3042 193 3085 sanae
217 3024 325 3084 mentis
348 3031 436 3084 erunt
450 3023 634 3102 intellegent3
657 3023 686 3081 in
711 3023 800 3083 :litero
817 3023 915 3084 codice
938 3023 1054 3084 invenio
1078 3028 1172 3102 accepi

103 3131 169 3188 reati
190 3128 260 3188 dicas
283 3126 417 3205 epistulas
440 3137 504 3188 taos
525 3127 664 3206 istudque
691 3130 755 3189 reati
780 3126 848 3204 quid
878 3126 916 3187 sit
944 3146 1003 3188 non
1035 3125 1169 3205 intellego

104 3249 200 3308 ireque
224 3229 378 3309 quisquam
403 3229 570 3308 intellegere
592 3239 702 3310 potest;
733 3238 763 3291 et
790 3238 888 3291 tamen
917 3249 970 3291 nos
993 3234 1057 3291 reati
1078 3230 1169 3290 inter·

102 3352 265 3414 ponamus,
293 3352 472 3413 quamqualn
496 3353 549 3395 eur
576 3332 616 3396 ita
639 3333 780 3395 iaciamus
808 3333 921 3412 roganti
945 3334 1022 3413 quod
1046 3353 1170 3414 respon-

102 3439 227 3499 deamus
261 3456 320 3498 non
355 3436 545 3499 lrabenimos’.
582 3473 618 3480 -·
654 3436 766 3510 ilat
799 3456 862 3498 ctera
892 3439 930 3498 ad
956 3439 1054 3517 saraca
1076 3441 1174 3515 stipati

98 3541 235 3622 prepiircs
261 3545 421 3603 amicarum
450 3542 643 3603 descendimus
665 3550 743 3603 recte
766 3541 807 3614 ll,
830 3559 929 3603 carrera
952 3559 1005 3621 pro
1027 3542 1127 3620 farum
1150 3537 1169 3597 Z

103 3656 182 3706 teste
205 3644 347 3706 Lambina
370 3645 401 3705 in
424 3645 585 3726 posteriore
613 3644 753 3720 editione,
791 3645 860 3706 lalsa
888 3653 933 3705 est
955 3643 1041 3706 lectio
1063 3661 1169 3713 carrera,

103 3767 173 3810 vera
196 3750 311 3827 fortem:
341 3767 419 3822 eum,
443 3748 546 3828 quiin
570 3749 590 3809 Z
614 3749 714 3810 falsam
743 3748 898 3810 lectionem
922 3747 1034 3828 posuit,
1058 3764 1170 3806 errasse

103 3871 203 3932 neque
219 3852 315 3914 dedita
338 3872 426 3933 opera
448 3852 487 3914 ita
510 3852 613 3914 fecisse
629 3859 763 3932 apparet3
785 3871 853 3913 narn
870 3851 895 3913 si
918 3849 1051 3912 consulto
1068 3848 1169 3909 falsam

103 3956 262 4019 lectionem
286 3975 340 4037 pro
357 3976 423 4018 vera
446 3955 603 4037 posuisset,
626 3955 742 4017 vesania
759 3955 901 4035 quaedam
925 3963 1012 4033 atque
1028 3951 1170 4025 deliratio,

103 4081 167 4123 non
190 4060 355 4140 corrigendi
378 4060 509 4122 studiant
533 4079 599 4121 eum
625 4059 780 4121 movisset:
805 4059 882 4139 (prad
907 4057 930 4119 si
950 4076 1049 4118 errore
1072 4074 1172 4119 aarum
