2866 4626
596 755 850 839 CAPUT
894 756 1015 839 VIII.

354 1094 401 1156 DE
429 1094 478 1155 RE
505 1092 652 1155 carrica
680 1093 829 1155 lunum
857 1092 946 1166 QUID
975 1090 1026 1152 dx
1049 1092 1256 1155 srunnlrn

684 1213 916 1276 Errlcrlrun.

354 1358 427 1420 Cum
451 1377 554 1420 omnes
577 1357 701 1432 codices,
725 1358 776 1438 qui
791 1377 857 1439 epp.
874 1358 909 1420 ad
925 1359 986 1420 lto.
1009 1360 1149 1440 epistulas
1166 1359 1278 1421 babent
1292 1371 1343 1421 aut

269 1463 444 1535 habuerunt,
461 1462 491 1523 in
515 1463 588 1523 duas
604 1462 711 1523 classes
727 1461 751 1521 Y
767 1471 796 1522 et
812 1464 841 1522 Ω
857 1461 1016 1536 discedant,
1041 1465 1070 1523 Ω
1086 1482 1205 1542 quoque
1221 1463 1253 1524 in
1270 1464 1342 1526 duas

270 1566 378 1627 classes
402 1568 473 1627 Zet
491 1570 522 1626 Δ
538 1565 628 1627 divisa
651 1564 697 1637 sit,
720 1565 744 1625 Y
767 1565 892 1644 denique
914 1584 1001 1644 quam
1026 1566 1181 1627 lectionem
1207 1566 1344 1629 habuerit

269 1687 329 1730 non
364 1668 503 1730 omuibus
529 1670 600 1730 loeis
623 1677 727 1730 notum
752 1669 803 1741 sit,
838 1678 965 1746 quatuor
996 1668 1219 1732 condicionibus
1255 1671 1285 1732 in
1312 1691 1343 1733 re

272 1771 373 1834 critica
396 1772 556 1833 exercenda
580 1772 702 1833 utimur.

358 1877 387 1953 1)
411 1875 509 1936 Prima
533 1884 578 1936 est
600 1875 747 1947 condicio,
772 1874 822 1934 ubi
850 1884 880 1935 et
902 1873 925 1933 Y
948 1873 1019 1953 quid
1054 1874 1189 1936 habuerit
1226 1886 1343 1938 constat

270 1989 299 2040 et
321 1978 344 2038 Y
367 1997 434 2040 cum
460 1981 488 2039 Ω
511 1979 671 2039 consentit:
696 1978 756 2040 sive
779 1996 846 2038 vera
869 1986 915 2038 est
936 1977 1022 2038 lectio
1042 1977 1066 2037 Y
1080 1977 1118 2059 -Ι-
1132 1982 1162 2039 Ω
1185 1981 1247 2042 sire
1262 1981 1341 2054 falsa,

269 2083 344 2144 bene
378 2101 424 2142 res
452 2100 483 2142 se
513 2081 615 2153 babet3
645 2100 712 2142 nam
743 2081 862 2153 scimus,
893 2081 964 2159 quid
986 2081 1022 2153 X,
1053 2100 1142 2161 quem
1170 2083 1342 2145 maiusculis

268 2185 375 2246 litteris
399 2185 542 2266 scriptum
562 2185 652 2246 luisse
668 2186 726 2245 veri
750 2184 844 2245 simile
862 2193 915 2257 est,
940 2183 1084 2259 babuerit,
1106 2185 1342 2267 emendatioqne,

274 2288 299 2349 si
323 2289 440 2367 quidem
472 2289 558 2350 lectio
580 2289 716 2349 codicum
750 2288 835 2366 cogit,
870 2287 958 2348 certis
994 2289 1195 2351 fundamentis
1227 2291 1347 2364 nititur;

274 2391 330 2452 etsi
352 2391 429 2451 enim
455 2400 568 2452 textum
592 2392 621 2452 in
644 2391 671 2451 ll
693 2411 751 2452 non
775 2391 900 2452 liberum
925 2391 1076 2452 erroribus
1099 2392 1191 2454 fuisse
1219 2403 1249 2455 et
1275 2413 1347 2454 con-

278 2503 451 2554 sentaneum
489 2503 533 2555 est
560 2505 589 2556 et
617 2515 652 2555 ex
680 2494 781 2555 multis
815 2495 990 2556 lectionibus
1022 2495 1211 2575 intellegitur,
1251 2507 1347 2558 tamen

276 2617 393 2676 sperare
408 2598 486 2671 licet,
509 2599 664 2678 plerasque
680 2599 862 2677 corruptelas
884 2598 1017 2660 nondum
1042 2617 1106 2660 esse
1131 2607 1290 2680 temptatas
1313 2602 1349 2662 ab

274 2700 372 2779 aliquo
389 2701 509 2761 bomine
526 2701 687 2762 coniciendi
703 2701 845 2762 studioso.
885 2702 1030 2774 Quoniam
1055 2722 1124 2763 vero
1140 2723 1174 2764 ex
1198 2703 1234 2762 W
1256 2723 1349 2785 pauca

275 2804 342 2864 lolia
367 2815 492 2877 exstant,
521 2805 645 2865 maxime
675 2805 833 2865 dolendum
861 2815 914 2878 est,
938 2825 1004 2866 raro
1024 2807 1230 2881 Cratandrum,
1259 2808 1348 2869 Lam-

279 2906 398 2978 binnm,
432 2909 504 2968 alios
538 2909 574 2968 iis
608 2909 696 2980 locis,
731 2925 805 2985 quos
840 2916 994 2989 corruptos
1029 2929 1093 2970 esse
1130 2910 1348 2989 intellegebant,

275 3008 416 3069 lectiones
449 3028 484 3070 ex
515 3010 587 3071 Cet
612 3009 632 3069 Z
664 3021 722 3071 tam
754 3011 906 3090 diligenter
933 3012 1061 3086 adferre,
1095 3023 1129 3073 ut
1160 3013 1195 3074 de
1222 3015 1243 3075 C
1272 3026 1303 3076 et
1330 3015 1349 3074 Z

276 3111 404 3172 dubitari
427 3132 486 3173 non
510 3113 613 3192 possit.
665 3114 737 3175 Nam
762 3114 832 3175 illud
856 3116 965 3176 iterum
993 3116 1148 3190 admoneo,
1173 3137 1209 3177 ex
1232 3118 1349 3179 silentio

276 3215 429 3275 Cratandri
456 3226 485 3276 et
516 3217 648 3277 Lambini
672 3228 702 3278 et
724 3217 803 3278 Rosii
834 3218 908 3278 nihil
941 3220 1076 3280 concludi
1109 3238 1206 3299 posse,
1241 3241 1279 3282 ne
1315 3241 1348 3282 ex

276 3318 382 3378 talibus
417 3319 535 3396 quidem
575 3319 711 3380 Lambini
745 3321 1001 3383 adnotationibus:
1044 3323 1081 3383 ad
1115 3322 1173 3384 ln.
1204 3324 1216 3384 l
1253 3326 1303 3397 19,
1331 3326 1349 3386 9

275 3427 352 3482 ‘noro
375 3424 447 3502 qaod
463 3441 506 3483 me
530 3424 646 3504 afflasse
666 3425 813 3486 scribendo
835 3426 920 3502 uides]
945 3425 987 3487 sic
1004 3426 1085 3488 bunc
1104 3427 1201 3488 locum
1219 3429 1347 3501 restitui,

274 3524 436 3603 scripturae
472 3527 578 3587 veteris
622 3527 740 3606 vestigia
779 3538 913 3589 secutus:
951 3538 1039 3608 atque
1077 3531 1115 3591 ita
1153 3531 1218 3592 siue
1257 3533 1348 3593 dubio

273 3627 440 3705 legendnm’
467 3629 655 3692 Lambinus&
702 3631 754 3693 cu.
779 3650 866 3712 supra
890 3650 918 3710 p.
937 3630 975 3692 83
1000 3640 1029 3691 et
1052 3631 1122 3693 118.

360 3730 391 3801 2)
410 3733 505 3793 Altera
522 3743 566 3794 est
581 3735 724 3808 condicio,
742 3736 765 3795 si
783 3736 817 3795 de
834 3735 856 3794 Υ
872 3744 987 3794 constat
1003 3744 1032 3796 et
1047 3734 1070 3794 Y
1086 3754 1152 3796 oum
1171 3739 1200 3797 Σ
1213 3747 1265 3798 ant
1282 3758 1347 3799 cum

275 3839 304 3892 Δ
322 3835 487 3905 consentit;
511 3836 550 3895 ita
568 3836 593 3896 si
608 3846 660 3908 est,
685 3839 730 3898 lex
753 3848 798 3899 est
813 3838 976 3899 certissimo
998 3839 1027 3898 in
1052 3858 1084 3899 re
1106 3840 1208 3901 critica
1224 3843 1348 3921 agenda:

273 3941 301 4012 a)
332 3938 361 3996 Y
371 3937 411 4016 -l-
425 3940 453 3998 Σ
465 3939 559 4018 plateis
574 3951 640 4001 som
655 3959 741 4019 aarum
758 3948 797 4002 A.
826 3941 857 4022 b)
886 3942 961 4021 Y-l-
976 3950 1006 4003 A
1018 3945 1196 4022 placuissent
1211 3965 1299 4025 qrtom
1315 3949 1348 4007 Σ.

273 4074 313 4080 -—
338 4040 380 4099 dd
405 4061 467 4102 earn
493 4044 586 4122 legem
610 4043 809 4122 explicandam
836 4065 928 4107 unum
946 4047 1043 4108 locum
1067 4048 1183 4108 adfero:
1209 4049 1243 4109 Yl
1266 4051 1293 4122 1,
1309 4047 1347 4109 25
