2866 4626
463 241 752 306 *3*

159 421 194 499 6)
217 419 252 482 iis
275 419 440 489 codicibus,
476 440 511 481 ex
543 420 651 499 quibus
674 419 868 500 Malaspina
892 419 1033 482 lectiones
1055 420 1085 481 in
1109 438 1143 480 eo

68 523 180 594 libello,
217 523 267 602 qui
289 523 419 585 Venetiis
452 542 529 584 anno
563 523 642 586 1563
675 525 793 605 prodiit,
827 524 936 598 adfert;
971 543 1006 584 ex
1035 523 1143 602 quibus

69 626 225 689 codicibus
254 627 381 687 maxime
403 625 469 687 Mal.
494 645 566 688 usus
595 637 642 689 est
664 629 736 690 cod.
756 627 958 689 Antoniano
984 626 1089 704 (bnt.)
1114 637 1144 689 et

70 729 203 792 codice
225 729 353 791 Faerni
376 728 436 809 (F).

161 832 195 912 7)
218 833 288 892 l=
303 832 463 894 editione
485 833 704 896 lensoniana
722 834 864 912 (Venetiis
883 836 977 914 1470)
1001 835 1142 917 principe.

161 935 194 1016 8)
217 935 789 1020 R=editionellomane(Romae
805 939 984 1018 termitem
1001 939 1144 1020 principe.

160 1039 247 1101 Anno
271 1039 352 1102 1846
369 1039 401 1100 t.
416 1039 589 1120 Spengelius
612 1038 654 1115 (in
671 1038 732 1099 Gel.
748 1038 819 1098 Anz.
836 1038 887 1098 der
902 1039 930 1098 k.
948 1039 1027 1119 bayr.
1039 1038 1144 1119 Alad.)

71 1143 217 1204 lectiones
249 1143 339 1204 edidit
370 1143 603 1221 fragmentorum
628 1141 1001 1220 Wurceburgcnsium
1033 1142 1141 1221 (W)*),

71 1245 184 1325 quibus
211 1245 243 1307 C.
267 1245 399 1308 Halmius
429 1247 459 1308 in
492 1266 570 1309 mus.
595 1245 688 1306 Rben.
713 1264 743 1306 n.
769 1264 792 1306 s.
815 1245 907 1306 XVlll
937 1247 1076 1307 lectiones
1108 1267 1144 1307 ex

75 1349 212 1410 eiusdem
237 1348 345 1410 codicis
367 1349 541 1429 fragmentis
557 1349 674 1411 adiecit:
698 1367 772 1427 quae
788 1348 928 1409 lectiones
951 1357 1010 1409 tam
1035 1349 1146 1410 similes

70 1452 119 1526 iis,
145 1471 220 1531 quae
241 1451 262 1512 C
285 1453 476 1533 appellantur,
500 1454 578 1516 visae
602 1463 682 1525 sunt,
705 1461 739 1513 ut
762 1450 895 1512 Halmius
917 1451 1036 1532 probari
1058 1471 1146 1531 posse

72 1562 204 1634 putaret,
229 1554 405 1618 lectionesC
428 1575 463 1618 ex
485 1558 586 1619 eodem
611 1555 710 1618 codice
733 1555 853 1616 haustas
869 1573 943 1629 esse,
967 1554 1051 1616 cuius
1067 1574 1147 1618 nunc

72 1657 133 1719 ista
157 1660 320 1737 fragmenta
343 1669 512 1739 supersunt.

162 1762 197 1821 ln
212 1762 363 1840 prooemio
378 1763 537 1826 lectionum
554 1761 729 1824 aestivarum
744 1759 839 1821 llerol.
854 1760 934 1822 1855
947 1759 985 1821 Μ.
999 1759 1145 1841 Hauptius

76 1863 210 1945 (Oppll
232 1884 260 1945 p,
278 1865 341 1942 84),
366 1885 432 1928 cum
449 1868 503 1927 Tlr.
518 1866 720 1927 Mommsenus
736 1864 869 1926 lutetiae
885 1864 1013 1927 codicem
1030 1865 1143 1946 regium

74 1965 185 2028 85383
218 1968 410 2041 excussisset,
444 1976 513 2049 ‘quo
547 1969 645 2031 codice
676 1967 867 2029 continentur
891 1968 1038 2030 Simeonis
1066 1969 1146 2031 Bosii

73 2069 347 2134 animadversiones
376 2073 406 2134 in
438 2072 529 2134 libros
557 2079 669 2152 septem
693 2070 871 2151 posteriores
894 2072 1085 2151 epistularum
1110 2073 1144 2134 ad

74 2172 219 2248 Atticum,
254 2193 314 2236 non
347 2195 420 2255 quas
454 2185 555 2257 postea
589 2176 689 2249 edidit,
724 2174 774 2235 sed
798 2174 898 2253 quales
917 2159 1049 2254 primum
1074 2194 1145 2237 con-

76 2275 256 2358 scripserat,
280 2280 343 2341 cod.
360 2280 556 2342 Crusellinum
580 2288 610 2341 et
633 2279 816 2340 decurtatum
840 2278 886 2338 vel
905 2277 1014 2351 Scidas,
1038 2278 1146 2357 quibus

76 2401 111 2443 se
128 2400 216 2444 usum
233 2401 297 2444 esse
309 2383 414 2446 Bosius
430 2384 597 2464 scripserat,
613 2399 775 2461 numquam
789 2379 878 2442 fuisse
894 2388 981 2459 atque
993 2381 1144 2444 bominem

77 2485 351 2562 mendacissimum,
367 2507 426 2566 quo
442 2489 625 2550 coniecturae
642 2495 692 2548 aut
708 2504 778 2546 suae
793 2493 844 2545 aut
859 2485 983 2546 aliorum
1000 2485 1145 2547 firmiores

76 2607 145 2649 esse
178 2588 360 2662 viderentur,
398 2589 471 2652 istos
505 2590 585 2670 ipsos
618 2589 732 2651 codices
766 2587 886 2649 linxisse
919 2588 1145 2664 demonstravit3

75 2692 179 2770 itaque
202 2701 279 2755 recte
295 2691 440 2773 Hauptius
463 2694 580 2756 monuit
601 2712 649 2754 eas
671 2691 822 2764 lectiones,
845 2710 918 2771 quas
941 2691 1046 2752 Bosius
1069 2692 1144 2753 exX

78 2795 149 2856 etl'
172 2795 280 2870 adfert,
304 2796 389 2857 nihili
411 2816 483 2872 esse,
517 2797 553 2858 iis
578 2795 770 2868 lectionibus,
793 2813 866 2873 quas
889 2794 956 2855 inZ
979 2813 1043 2856 esse
1067 2796 1147 2857 solus

78 2898 187 2960 Bosius
220 2899 303 2960 testis
337 2909 396 2974 est,
430 2910 513 2962 caute
537 2901 679 2961 utendum
703 2917 784 2973 esse,
816 2916 885 2959 nam
909 2896 1093 2960 Detlefsenus
1116 2899 1147 2959 in

79 3000 138 3061 vol.
155 3001 194 3061 lll
216 3001 363 3082 supplem.
379 3003 414 3064 ad
429 3003 498 3083 phil.
516 3004 634 3065 annales
650 3021 719 3064 ann.
738 2999 947 3063 1857-1860
963 3021 992 3081 p.
1011 3004 1068 3062 111
1087 3021 1146 3064 non

77 3111 161 3165 recte
188 3102 307 3185 llauptii
341 3106 618 3169 commentationem
654 3124 714 3168 non
749 3105 819 3166 satis
846 3104 940 3165 firmis
966 3105 1148 3182 argumentis

79 3204 227 3268 munitam
262 3226 328 3269 esse
360 3208 512 3289 exposuit,
546 3209 624 3271 idem
648 3228 717 3271 vero
740 3209 824 3270 docte
847 3207 882 3268 de
907 3208 926 3267 Z
949 3206 1045 3287 iisque
1068 3208 1147 3281 viris,

76 3309 132 3390 qui
155 3328 188 3370 se
210 3309 230 3369 Z
253 3329 323 3372 usos
346 3330 411 3372 esse
433 3312 631 3382 adfirmarent,
656 3311 824 3392 disputavit.

167 3413 253 3474 Anno
278 3412 360 3475 1863
383 3414 511 3476 Berolini
545 3415 656 3495 prodiit
678 3414 725 3476 Fr.
747 3413 907 3476 Hofmanni
939 3412 1063 3487 libellus,
1098 3411 1149 3492 qui

75 3514 254 3577 inscribitur
277 3515 343 3578 ‘Der
365 3517 506 3579 kritiscbe
528 3519 658 3599 Apparet
680 3539 715 3580 zu
732 3517 849 3579 Ciceros
872 3516 988 3577 Brielen
1010 3534 1048 3577 an
1072 3515 1148 3578 atti-

77 3619 155 3681 cus':
185 3637 244 3698 quo
266 3618 362 3681 libello
386 3619 484 3682 Helm,
509 3622 618 3701 optime
642 3623 677 3683 de
700 3621 802 3682 Franc.
820 3620 977 3682 Petrarcba
1001 3620 1148 3694 disseruit,

77 3740 169 3801 quern
184 3720 333 3784 Ciceronis
355 3725 392 3785 ad
406 3723 536 3786 Atticum
552 3724 692 3805 epistulas
708 3724 872 3805 repperisse
888 3732 1012 3799 constat,
1037 3731 1147 3786 statum

147 3970 173 4033 *)
205 3968 239 4019 W
277 3976 317 4020 cst
352 3971 463 4037 scriptus
492 3979 559 4022 teste
590 3972 725 4037 Spengolio
757 3981 865 4023 exeunte
896 3970 939 4022 Xl.
971 3970 1014 4022 vol
1044 3969 1149 4019 ineunte

75 4050 136 4104 ΧΙΙ.
155 4051 270 4103 saeculo.
549 4044 566 4073 ‘'

958 4135 990 4189 l*
