2866 4626
550 278 859 343 -80-

177 477 208 530 c:
232 455 343 519 scilicet
364 453 401 516 Α2
423 476 476 537 pro
498 461 573 518 cuim
596 457 684 518 habet
707 475 762 529 .u.‚
796 456 925 537 illudque
949 476 997 518 .u.
1020 455 1055 529 is,
1077 454 1129 536 qui
1152 465 1239 537 typos

177 560 284 641 posuit,
307 579 365 622 nou
386 579 451 621 esse
466 560 579 640 putarit
600 579 695 640 neque
717 560 742 621 is
765 560 815 639 qui
831 570 944 622 textum
960 559 1096 621 editionis
1112 561 1241 621 correxit

177 683 246 726 eum
275 683 404 725 errorem
435 664 564 727 sustulit.
588 700 628 708 —
652 664 701 725 Vll
718 664 782 737 hb
804 675 830 726 et
852 664 971 726 lobieui
992 664 1105 726 divitica
1127 675 1153 725 et
1174 664 1240 724 Mo-

177 787 293 830 murrae
312 768 427 847 placent
448 781 476 830 et
490 768 574 830 caru
591 769 668 830 berti
686 778 711 829 et
727 767 920 829 Tusculanum
936 767 1061 848 priores:
1085 779 1111 828 et
1125 766 1244 830 lobiam·

179 873 292 933 diotrico
314 881 340 933 et
355 871 522 933 Mamurrae
541 871 657 952 placent
678 870 803 933 otbaldi
819 871 896 932 berti
916 881 942 932 et
958 870 1115 932 Tusculani
1128 889 1158 943 c;
1181 890 1239 932 non

179 975 337 1036 obscurum
361 984 415 1047 est,
443 974 520 1036 unde
542 975 695 1037 Tusculani
715 993 768 1054 pro
791 974 984 1036 Tusculanum
1007 977 1105 1036 ortum
1129 975 1177 1035 sit.
1201 1009 1240 1018 -

179 1078 242 1138 Vlll
258 1079 286 1151 9,
303 1078 321 1137 2
346 1089 450 1158 quotue
470 1089 566 1138 cutem
580 1080 703 1158 ferocius
717 1078 766 1139 uu
782 1097 883 1139 corcsee
897 1098 965 1140 succ
981 1079 1099 1159 confidet
1113 1077 1228 1158 priores

179 1192 284 1262 quatuo
306 1194 400 1243 eutem
422 1184 546 1262 ferocius
567 1182 633 1243 illoc
656 1201 757 1243 causae
779 1202 848 1244 sune
863 1182 983 1262 confidet
998 1201 1077 1242 c—
1099 1180 1241 1254 lx10,2

180 1287 247 1364 quid
267 1287 325 1364 sect
344 1303 402 1345 nou
424 1286 676 1346 consideratissime
692 1286 822 1365 priores:
846 1287 921 1366 quod
934 1288 992 1365 feci
1004 1304 1062 1346 nou
1077 1286 1243 1346 cousidere-

179 1392 283 1449 tisstue
306 1407 332 1448 o.
354 1386 560 1462 -1x13‚8
583 1408 750 1451 moneamus
773 1406 837 1468 erpo
859 1395 891 1450 r'u
911 1390 963 1451 illo
985 1391 1083 1450 eodem
1105 1392 1243 1449 sententio

180 1492 308 1572 priores:
341 1511 508 1553 moneamus
536 1511 602 1571 erpo
630 1498 661 1554 iu
689 1493 742 1554 illo
764 1494 866 1568 co=l
890 1497 1026 1554 seutcutr'o
1048 1511 1064 1552 c
1087 1492 1157 1565 sola,
1187 1492 1243 1551 hoc

180 1604 234 1667 est,
269 1615 285 1656 o
311 1595 399 1657 habet
424 1616 511 1657 eo=
532 1595 563 1656 in
586 1597 643 1656 line
667 1615 768 1657 versus
791 1615 858 1657 cum
881 1596 981 1657 lineari
1004 1595 1173 1674 ligamento,
1207 1614 1243 1655 ex

181 1719 239 1778 quo
262 1707 382 1778 apparet
403 1698 434 1759 in
458 1698 551 1778 capite
574 1699 637 1759 eius
659 1699 709 1778 qui
732 1699 909 1777 sequebatur
931 1717 1033 1760 versus
1057 1699 1120 1759 deur
1143 1698 1243 1777 negle-

181 1803 278 1881 gentia
312 1802 478 1882 typothetae
512 1802 654 1862 omissum
685 1821 758 1863 esse.
780 1837 822 1845 -
850 1801 998 1876 1x18,3
1034 1804 1100 1864 cedo
1132 1802 1244 1881 reliquo

181 1906 304 1986 priores,
327 1905 363 1966 C:
388 1905 469 1966 credo
484 1904 595 1984 reliquo
610 1924 640 1978 c;
662 1913 781 1985 apparet
797 1906 878 1966 credo
893 1904 1007 1965 incuria
1023 1905 1242 1984 typothetarum

181 2004 212 2064 in
247 2012 359 2065 textum
394 2003 548 2082 irrepsisse
575 2010 662 2081 atque
685 2005 750 2064 cedo
772 2003 803 2063 in
826 2002 956 2081 margine
978 2003 1146 2082 appositum
1169 2022 1243 2079 esse,

182 2114 216 2166 ut
238 2107 379 2166 mendum
404 2105 563 2166 tolleretur.
578 2140 620 2149 -
642 2106 807 2178 Χ11116,1
832 2107 939 2167 eosdem
962 2106 1026 2167 illos
1044 2125 1186 2168 sormones
1207 2108 1245 2168 ud

184 2207 317 2270 Catonem
340 2208 516 2287 Brutumque
537 2209 681 2271 transtuli.
717 2211 784 2271 Ecce
807 2210 934 2289 priores:
966 2210 1076 2271 eosdem
1097 2210 1161 2271 illos
1182 2229 1244 2272 ser·

183 2329 278 2372 moues
300 2314 338 2373 od
356 2311 490 2372 Cutouom
504 2311 637 2373 Brutum.
664 2313 733 2374 Ecce
749 2332 764 2373 c
781 2312 882 2373 mediis
900 2312 1030 2387 omissis;
1053 2313 1244 2392 gravissimus

183 2434 265 2476 error
294 2434 354 2475 non
383 2425 428 2476 est
455 2424 614 2476 correctus.
639 2450 680 2458 -
702 2415 752 2476 XV
771 2417 854 2489 17,2
878 2427 910 2477 ut
931 2436 977 2477 eos
998 2416 1043 2477 oel
1064 2421 1094 2477 r'u
1117 2416 1243 2496 priores:

182 2518 445 2580 mmmmm
774 2516 778 2523 ’

267 2621 390 2682 Perraro
414 2621 539 2700 denique
562 2640 629 2682 eum
653 2621 704 2700 qui
727 2623 884 2683 editionem
897 2621 1119 2684 Cratandrinam
1136 2642 1244 2684 ouran-

183 2727 249 2786 dam
284 2735 452 2804 susceperat
486 2724 529 2785 vel
555 2725 652 2804 ipsum
681 2745 716 2785 ex
738 2744 791 2786 suo
813 2725 930 2803 ingenio
952 2726 996 2785 rel
1018 2744 1053 2785 ex
1076 2725 1244 2787 coniectura

182 2827 304 2890 alicuius
327 2828 405 2888 docti
427 2828 556 2888 hominis
579 2839 692 2890 textum
716 2839 845 2890 mutasse
861 2836 949 2908 puto;
972 2829 1154 2890 coniecturas
1178 2831 1244 2909 qui-

182 2932 248 2992 dem
273 2931 324 2992 has
346 2930 486 2992 lectiones
509 2949 524 2990 a
547 2931 707 2991 Cratandro
730 2943 850 2992 novatus
873 2932 1022 2992 existimo:

268 3034 317 3095 Vll
337 3035 399 3107 1,7
424 3053 507 3113 prtem
530 3039 578 3114 qui
598 3054 656 3095 uou
679 3036 799 3096 decreuit
822 3031 903 3116 [plus
926 3032 1058 3116 decrevit]
1083 3036 1104 3107 1,
1121 3035 1169 3110 d¹,
1193 3037 1246 3097 d²=

184 3157 268 3218 quent
290 3137 359 3198 mihi
379 3156 436 3197 uou
460 3139 581 3199 decreuit
598 3136 680 3218 [plus
695 3135 828 3219 decreuit]
846 3158 870 3199 o.
885 3173 927 3182 -
951 3138 1000 3199 XV
1017 3140 1066 3212 la,
1083 3138 1101 3199 3
1125 3141 1174 3201 sed
1195 3144 1247 3202 or'ac

183 3246 258 3302 euim
280 3251 306 3301 et
329 3242 367 3302 od
388 3240 410 3313 Ι,
427 3239 473 3312 ΑΙ,
490 3237 540 3301 A2:
566 3238 638 3322 [sed]
664 3245 714 3302 oica
736 3246 808 3302 erciru
830 3253 857 3302 et
879 3243 916 3302 ud
938 3261 968 3316 c;
992 3242 1184 3303 scribendum
1206 3243 1245 3316 id,

183 3345 258 3422 quod
275 3343 302 3402 M
318 3343 348 3404 in
365 3344 495 3422 margine
513 3345 608 3413 habet,
631 3346 735 3405 seduci
747 3350 821 3406 cuitu
836 3356 862 3406 ct
879 3347 924 3406 od.
941 3380 983 3389 —
1004 3346 1058 3406 llll
1075 3347 1104 3419 4,
1122 3347 1140 3406 2
1162 3351 1246 3409 etiem

182 3452 208 3508 si
228 3467 246 3507 u
268 3451 408 3508 seruentb‘s
430 3452 490 3508 eius
513 3448 591 3507 dictis
614 3448 635 3519 1,
652 3446 721 3508 ΑΨ
744 3452 875 3509 etiamsi
896 3453 1012 3510 esseutis
1034 3453 1094 3509 eius
1118 3449 1199 3511 dictis
1222 3468 1245 3511 c.

184 3585 225 3592 -
247 3549 300 3609 Xll
316 3551 399 3622 49,1
421 3561 490 3628 puto
514 3550 628 3630 puidam
651 3551 673 3623 1,
689 3549 760 3611 AM:
782 3563 849 3630 puto
872 3553 984 3632 quidem
1005 3570 1030 3611 o.

269 3653 301 3712 ln
326 3653 431 3713 talibus
456 3673 522 3713 vero
538 3653 608 3713 locis
632 3654 775 3714 incertum
800 3664 845 3715 est
868 3673 963 3732 neque
986 3664 1120 3716 accurate
1137 3655 1248 3716 diiudi-

184 3755 242 3816 cari
275 3766 381 3836 potest,
418 3768 517 3817 utrum
551 3757 624 3818 istae
655 3758 794 3818 lectiones
822 3758 879 3837 ipsi
907 3758 1012 3819 editori
1034 3758 1078 3818 vel
1100 3757 1248 3838 philologo

184 3860 269 3919 alicui
303 3878 339 3920 an
368 3860 516 3921 codicibus
539 3859 575 3920 iis
598 3859 706 3938 quibus
730 3861 888 3922 Cratander
911 3881 984 3922 usus
1006 3871 1052 3922 est
1076 3861 1248 3924 tribuendae

185 3963 257 4036 sint3
280 3981 349 4023 nam
372 3963 427 4024 etsi
443 3963 594 4023 Cratandri
617 3964 732 4025 codices
756 3964 883 4044 optimos
906 3965 995 4025 luisse
1019 3983 1073 4025 nos
1089 3965 1248 4040 oredimus,

188 4075 285 4126 tamen
309 4068 427 4128 eosdem
444 4068 550 4127 liberos
574 4067 655 4127 ouini
677 4069 844 4130 coniectura
866 4069 956 4130 luisse
979 4088 1039 4129 non
1054 4078 1206 4148 putamus.
