2866 4626
544 214 877 276 -118—

177 402 261 454 notat
284 391 417 452 ‘Turnes
441 410 503 471 pro,
534 392 659 464 biduum,
690 391 778 451 babet
802 391 908 451 usitato
931 389 1049 450 iliorum
1075 397 1244 468 temporum

178 496 258 569 vitio,
288 497 414 557 viduum.
445 515 472 568 c,
503 515 555 575 pro
586 496 610 557 b.
635 495 883 573 quemadmodum
905 512 983 566 cccc,
1013 511 1077 572 pro,
1109 493 1186 564 bene,
1218 501 1246 551 et

178 609 289 673 contra,
311 600 458 671 iubentute}
483 617 535 679 pro
557 603 699 659 iuuentuti
720 595 995 672 ...’;X11122,2
1020 615 1154 658 aceruum
1178 616 1204 655 v.
1221 615 1245 655 c.

179 704 245 784 (pro
268 701 424 781 acerbam).

529 1216 791 1299 CAPUT
830 1215 904 1295 VI.

632 1427 792 1437 ...m-...nn-

182 1568 260 1640 Quo
296 1567 402 1630 MODO
433 1569 608 1630 turudum
643 1569 941 1632 PHILOLOGORUM
973 1569 1022 1628 EX
1050 1568 1249 1630 cupiemus

226 1681 330 1742 MANU
361 1681 530 1743 scalpris
560 1682 890 1744 ADNOTATIONIBUS
921 1679 1102 1742 UTENDUM
1138 1682 1208 1743 stu.

267 1839 361 1911 Quam
390 1847 473 1900 caute
496 1838 532 1899 iis
555 1842 698 1901 utendum
723 1842 770 1914 sit,
804 1860 878 1920 quae
906 1847 1018 1900 veteres
1046 1839 1188 1918 philologi
1216 1840 1249 1899 de

183 1941 332 2003 codicibus
366 1941 560 2015 tradiderunt,
594 1944 666 2005 satis
689 1954 794 2005 uotum
818 1955 871 2004 est.
917 1944 1020 2004 Solent
1042 1943 1120 2001 enim
1145 1961 1250 2020 quem-

182 2065 310 2125 cumque
340 2044 470 2105 codicem
500 2045 640 2108 adhibent
669 2047 788 2108 laudare
814 2045 877 2107 eius
900 2043 1039 2105 lectiones
1064 2045 1250 2123 maximeque

181 2149 211 2209 in
240 2168 274 2209 eo
302 2156 432 2229 peccant,
467 2149 545 2227 quod
580 2169 666 2212 suum
695 2151 819 2230 quisque
849 2150 979 2212 codicem
1007 2147 1248 2226 antiquissimum

182 2261 279 2333 putat3
312 2251 401 2312 iidem
424 2252 518 2313 exiis
541 2253 700 2328 codicibus,
729 2274 803 2334 quos
836 2253 954 2335 plurimi
986 2252 1105 2324 faciunt,
1143 2252 1250 2312 multas

182 2355 323 2417 lectiones
348 2364 405 2416 tam
429 2354 575 2435 ambiguis
597 2365 684 2436 atque
706 2357 826 2418 incertis
850 2357 944 2418 verbis
960 2356 1105 2428 adferunt,
1130 2366 1163 2414 ut
1183 2355 1251 2415 inde

184 2469 263 2521 certa
285 2457 454 2519 coniectura
477 2459 552 2519 effici
575 2478 634 2521 non
658 2461 760 2540 possit.

272 2561 306 2622 L¹
323 2560 358 2622 ad
375 2560 411 2620 lV
428 2562 477 2634 19,
495 2563 510 2621 1
530 2562 575 2622 ed.
592 2563 697 2623 Baiter.
714 2564 814 2625 durati
835 2563 1033 2625 coniecturam
1049 2557 1251 2643 γεράνδρυον

185 2668 279 2728 adfert
312 2674 398 2744 atque
431 2665 525 2726 addit:
560 2666 686 2727 ‘adiuvat
717 2674 814 2727 autem
840 2667 940 2728 durati
963 2665 1162 2727 coniecturam
1187 2667 1250 2726 cod.

186 2767 410 2842 Turnesiauus'3
434 2769 502 2847 quid
524 2769 554 2828 iu
571 2768 591 2828 Z
607 2768 705 2843 fuerit,
729 2789 787 2830 nou
808 2770 889 2831 addit
911 2789 1005 2849 neque
1030 2787 1084 2829 nos
1107 2769 1256 2829 sciremus

187 2885 274 2953 atque
297 2880 468 2952 portentum
487 2871 638 2950 quoddam
661 2872 795 2934 lectionis
819 2874 885 2933 inZ
908 2873 998 2934 fuisse
1021 2872 1257 2952 suspicaremur,

188 2976 245 3038 uisi
261 2975 365 3037 Bosius
381 2974 535 3037 lectionem
552 2993 587 3035 ex
603 2974 623 3034 Z
639 2976 795 3037 attulisset.
808 3013 848 3020 -
866 2977 901 3037 L¹
918 2976 953 3037 ad
970 2976 995 3035 X
1012 2975 1085 3048 121),
1103 2975 1121 3036 3
1141 2976 1204 3050 (12,
1222 2977 1253 3045 7)

187 3081 308 3140 adnotat
341 3072 436 3160 ιἦθος
469 3072 665 3161 circumditur]
700 3090 818 3141 secutus
842 3099 908 3142 sum
932 3080 1067 3159 antiquae
1090 3080 1258 3159 scripturae

188 3182 317 3261 vestigia,
341 3192 370 3242 et
385 3181 502 3243 Corradi
519 3182 736 3254 coniecturam',
759 3182 794 3243 L²
812 3183 920 3244 conicit
936 3179 1126 3264 ἀκίβδηλον,
1151 3182 1252 3243 Bosius

187 3287 280 3366 ipsam
313 3284 469 3345 lectionem
499 3305 534 3345 ex
565 3285 584 3344 Z
615 3286 739 3347 servavit
772 3289 847 3348 ΑΚ
856 3289 875 3347 I
906 3286 1184 3357 AAAOAON3
1218 3287 1251 3345 cf.

188 3409 277 3469 supra
292 3409 321 3470 p.
336 3390 405 3448 111.
423 3423 463 3430 --
478 3388 541 3448 xvi
559 3389 585 3461 1,
604 3389 619 3447 1
645 3388 680 3448 Ll
705 3389 825 3450 adnotat
847 3391 989 3469 ιθέωμεν
1005 3388 1152 3448 edendum
1169 3407 1250 3449 cura-

189 3495 285 3553 vimus
390 3491 452 3551 cod.
477 3491 691 3551 'furnesiauum
725 3492 836 3566 secuti’,
867 3493 946 3552 idem
980 3492 1009 3553 in
1043 3492 1122 3574 calce
1157 3494 1251 3553 tomi

189 3597 282 3657 addit:
318 3594 408 3654 ‘Licet
441 3595 527 3655 etiam
563 3614 597 3655 ex
630 3595 766 3674 autiquae
800 3596 961 3676 scripturae
995 3594 1126 3673 vestigiis
1160 3596 1252 3674 legere

189 3698 317 3780 ἕῶμεν’;
342 3697 377 3757 L²
403 3698 489 3758 habet
512 3698 661 3778 ιθέωμεν]
686 3699 728 3758 sic
750 3699 895 3758 edendum
919 3698 1087 3758 curavimus
1193 3701 1253 3762 cod.

189 3803 405 3863 Turnesianum
441 3802 543 3862 secuti.
578 3820 756 3881 quamquam
787 3821 821 3862 ex
850 3802 952 3862 eodem
980 3801 1049 3861 licet
1070 3801 1177 3881 legere,
1211 3801 1254 3865 ἔι’

190 3905 303 3984 ἐῶμεν,
316 3905 385 3978 sive,
398 3901 519 3984 dapar,
533 3903 638 3965 Bcsius
647 3908 770 3966 ΕΤΕΩ
779 3909 890 3967 ΜΕΝ
903 3914 1014 3965 veteres
1027 3905 1256 3969 codd.habuisse

189 4009 324 4069 adfirmat
347 4027 440 4087 oeque
457 4026 523 4068 vero
541 4008 560 4067 Z
577 4009 718 4082 nominat,
742 4008 898 4070 Turnebus
914 4010 1040 4087 dariique
1056 4008 1150 4070 xxm
1167 4010 1208 4072 29
1224 4032 1257 4072 ex
